3352 5828
615 808 846 868 ressonis.
1213 813 1276 888 359

387 970 504 1060 [Eodem
524 975 568 1035 die
587 973 660 1037 Nar.
681 973 738 1038 SS.
758 929 938 1035 Marcellis!
955 974 1067 1052 Apulei.
1302 979 1372 1032 Gerb

267 1085 458 1149 eSanctorum
477 1105 532 1149 nos
552 1085 628 1148 Due.
649 1085 782 1148 Marcelli
801 1096 831 1148 et
851 1085 956 1165 apulei
1302 1062 1329 1114 ¹³⁹
1342 1045 1398 1111 ¹⁸⁵⁴

289 1184 473 1248 Maiestatem
493 1198 572 1247 tuam
592 1186 679 1247 nobis
698 1184 774 1248 Dne.
795 1204 824 1265 q.
845 1184 918 1246 haec
938 1183 1034 1246 hostia

268 1281 481 1346 sSacramentis
500 1282 577 1345 Dne.
597 1284 763 1346 muniamur
783 1279 923 1366 acceptis]

498 1424 590 1485 Hedd.
610 1425 677 1486 xxi
687 1431 754 1502 port
771 1423 952 1484 Pentecosten.
1303 1430 1381 1482 Gerb.

287 1535 337 1597 Da
356 1556 385 1617 q.
404 1537 479 1602 Dne.
500 1539 609 1620 populo
629 1549 680 1600 tuo
700 1537 842 1600 diabolica
861 1539 948 1600 vitare
969 1539 1104 1618 contagia
1304 1512 1331 1564 ¹³⁸
1344 1497 1400 1563 ¹⁸⁵'

286 1634 407 1697 Custodi
427 1655 482 1698 nos
500 1656 528 1699 o.
548 1636 587 1699 D.
608 1648 639 1698 ut
659 1647 709 1699 tua
728 1637 847 1698 dextera

286 1732 469 1796 Maiestatem
489 1748 569 1797 tuam
589 1735 665 1798 Due.
685 1735 854 1815 suppliciter
927 1765 930 1768 ⁴

269 1830 353 1896 eVD.
375 1843 404 1895 et
424 1835 590 1914 suppliciter
610 1852 729 1897 exorare
749 1844 782 1895 ut
801 1834 843 1895 sic
863 1834 950 1896 bonis
971 1833 1027 1895 tuis

286 1930 566 1995 Sanctificationibus
586 1934 642 1995 tuis
661 1952 689 1995 o
709 1931 748 1994 D.
769 1943 799 1994 et
818 1932 885 1993 vitia

385 2070 502 2158 [Pridie
520 2073 568 2134 Iei.
591 2074 650 2136 Oct.
671 2071 742 2134 Nar.
763 2071 795 2135 S.
812 2072 921 2135 Colisti
938 2072 1075 2153 Episcopi.
1304 2077 1382 2130 Gerb.
1387 2095 1438 2196 ff.

284 2185 322 2248 D.
343 2190 393 2269 qui
414 2208 469 2252 nos
489 2190 634 2270 conspicis
653 2208 690 2251 ex
710 2200 810 2252 uonna
1306 2147 1384 2210 ¹⁸⁵¹
1421 2181 1429 2196 ⁹

285 2285 411 2366 Mystica
431 2291 517 2352 uobis
538 2289 615 2352 Dne.
635 2290 727 2369 prosit
753 2289 863 2351 oblatio

285 2385 325 2460 Q.
346 2404 375 2448 ο.
395 2386 434 2448 D.
455 2399 486 2450 ut
506 2400 536 2451 et
555 2400 667 2450 reatum
689 2384 834 2471 nostmm]

503 2528 594 2591 Hedd.
615 2531 693 2591 xxii
702 2537 770 2609 post
787 2529 969 2590 Pentecosten.
1304 2531 1384 2585 cub.

292 2641 406 2722 Dirigat
427 2644 516 2706 corda
537 2656 636 2707 nocua
656 2643 732 2705 Dne.
752 2662 782 2723 q.
801 2652 868 2705 tuae
1304 2614 1331 2665 p.
1345 2595 1400 2650 Μ’

289 2740 363 2803 Tuis
383 2741 460 2804 Dne.
480 2762 509 2823 q.
530 2743 632 2805 adesto
652 2742 828 2822 supplicibus
848 2752 876 2805 et
896 2743 970 2803 inter

288 2842 327 2904 D.
348 2846 399 2924 qui
419 2863 476 2906 nos
495 2863 548 2923 per
568 2844 652 2905 huius
672 2845 803 2906 sacrificii

287 2941 354 3002 VD.
376 2941 436 3016 Qui
456 2954 610 3023 propterea
630 2945 691 3004 iure
711 2943 799 3022 punis

286 3039 403 3103 Gratias
422 3041 473 3103 tibi
493 3041 639 3103 referimus
659 3041 735 3103 Dne.
756 3060 839 3103 sacro
859 3058 978 3102 munere

234 3183 276 3243 xi
292 3179 364 3242 Kal.
386 3179 455 3263 (sicr
484 3181 522 3244 R.
541 3182 594 3243 has
614 3184 673 3244 xvi
688 3171 745 3264 K.)
764 3180 841 3244 Nou.
861 3182 933 3244 Nat.
953 3181 985 3245 S.
1006 3183 1102 3244 Lucae
1121 3181 1238 3263 susq.
1303 3190 1380 3244 Gau

286 3296 461 3358 Interveniat
481 3316 535 3376 pro
554 3298 640 3358 nobis
660 3297 735 3359 Dne.
753 3317 782 3378 q.
804 3309 920 3359 sanctus
940 3309 1008 3361 tuus
1176 3280 1180 3290 ⁸
1302 3271 1332 3323 p.
1343 3258 1398 3323 ¹⁸⁷⁸

286 3394 382 3455 Donis
402 3395 573 3457 caelestibus
592 3396 631 3456 da
649 3413 678 3474 q.
700 3394 777 3457 Dne.
798 3396 888 3457 libera

285 3488 386 3574 [sVD.
407 3492 454 3553 Te
474 3493 504 3551 in
525 3491 726 3554 confessorum
748 3491 878 3576 tuorum]

284 3589 405 3650 Praesta
425 3607 453 3669 q.
474 3608 502 3651 0.
522 3600 579 3650 aet.
600 3588 639 3650 D.
658 3602 691 3651 ut
711 3591 742 3651 id
761 3592 843 3670 qnod

487 3719 580 3782 aroc.
600 3724 690 3783 χιιι·
699 3728 767 3800 post
784 3689 967 3784 aaa...

285 3835 321 3898 Ο.
343 3844 373 3898 et
393 3855 433 3898 m.
453 3835 492 3899 D.
512 3837 646 3898 universa
665 3838 751 3898 uobis
771 3837 952 3900 adversantia

266 3935 331 3996 *Da
352 3954 380 4016 q.
401 3955 430 3996 o.
450 3935 487 3995 D.
508 3936 551 3997 sic
572 3954 627 3997 uos
649 3947 730 3996 tuam
751 3938 866 3997 veniam

288 4034 374 4094 Haec
395 4052 514 4094 munera
535 4053 564 4113 q.
585 4033 660 4095 Dne.
680 4052 755 4112 quae
775 4034 867 4096 oculis

284 4132 351 4192 VD.
372 4131 563 4193 Clementiam
584 4143 663 4192 tuam
683 4134 849 4212 suppliciter
867 4153 987 4196 exorare

286 4229 356 4290 Tua
376 4249 431 4291 nos
450 4230 526 4291 Dne.
547 4232 728 4292 medicinalis
747 4233 878 4310 operatio

366 4375 401 4432 oi
416 4370 487 4431 Kal.
508 4372 585 4432 Nov.
614 4372 676 4451 Vig.
696 4373 795 4451 sipost.
816 4371 941 4433 Srinom'r
959 4382 987 4435 et
1005 4372 1101 4434 Iudae.
1304 4382 1436 4514 Gerlassp.

285 4486 424 4548 Concede
444 4506 472 4567 q.
493 4505 520 4548 o.
541 4485 581 4548 D.
602 4499 635 4548 ut
655 4489 729 4549 sicut
749 4488 947 4568 apostolorum
1306 4447 1382 4510 '⁸⁸⁸¹

286 4584 458 4646 Muneribus
477 4587 582 4646 uosuis
604 4585 680 4647 Dne.
701 4587 900 4666 apostolorum

286 4680 386 4766 [eVD.
406 4683 484 4758 Quia
503 4695 535 4745 tu
555 4702 588 4746 es
607 4681 761 4768 mirabilis]

289 4780 416 4862 Sumpto
436 4783 511 4844 Dne.
532 4795 717 4845 sacramento
737 4784 904 4864 suppliciter

370 4932 390 4973 n
410 4913 479 4976 Kal.
500 4913 576 4977 Neo.
597 4915 670 4976 Nat.
690 4916 788 4994 sipost.
809 4914 933 4978 Sinonis
951 4926 978 4978 et
995 4916 1092 4978 Iudae.
1301 4930 1380 4985 Germ

285 5028 323 5087 D.
344 5030 393 5108 qui
416 5048 470 5091 nos
490 5049 543 5108 per
563 5033 665 5093 beatos
685 5032 834 5111 apostolos
1302 5012 1329 5063 ¹³⁸
1342 4999 1398 5066 ¹⁸⁹‘

285 5127 322 5189 0.
344 5145 367 5188 s.
389 5128 426 5189 D.
446 5130 547 5190 mundi
568 5141 681 5191 creator
700 5141 729 5191 et
750 5143 844 5193 rector
