3352 5828
324 389 389 460 314
605 381 733 439 LIBER
751 379 1137 440 SACRAMENYORUM
1301 378 1430 447 [illesi.

325 565 383 610 eos
394 543 422 585 ¹⁰
451 545 656 631 protectione
683 567 861 628 conserva3
898 557 935 613 ut
962 566 1094 631 semper
1116 546 1151 611 in
1180 554 1238 613 tua
1263 545 1428 634 religione

326 648 497 730 laetantes,
513 649 547 715 in
566 659 701 718 sanctae
720 651 896 718 Trinitatis
911 650 1114 718 confessione
1123 648 1151 690 ¹¹
1172 649 1239 717 fide
1259 651 1427 720 catholica

324 763 555 839 perseverentr
576 755 713 841 diesque
729 766 869 824 nostros.
892 782 913 840 γ

750 943 1001 1004 Postoommun

369 1055 426 1122 Da
440 1053 572 1122 famulis
586 1063 622 1122 et
634 1053 821 1123 famulabus
834 1056 911 1137 tuis,
925 1076 1131 1141 quaesumus,
1147 1057 1300 1138 Domine,
1315 1056 1348 1124 in
1363 1065 1425 1123 tua

250 1140 264 1198 ⁷
326 1157 393 1226 inde
406 1168 441 1225 et
455 1159 645 1228 sinceritate
657 1160 877 1227 constantiam
889 1186 897 1242 ;
919 1170 957 1229 ut
972 1161 1006 1225 in
1021 1162 1159 1228 caritate
1173 1162 1283 1240 divina
1298 1161 1424 1230 firmati

326 1262 426 1330 nullis
440 1263 680 1331 tentationibus
694 1257 740 1330 ab'
753 1265 825 1331 eius
839 1265 1029 1350 integritate
1043 1264 1216 1331 vellantur.
1260 1266 1331 1332 Per.
1353 1291 1376 1351 y

750 1656 959 1716 contestatio
968 1647 1002 1715 33.

372 1768 451 1836 VD.
474 1769 537 1836 Per
552 1769 719 1836 Christum
735 1771 919 1836 Dominum
937 1779 1098 1836 nostrum.
1143 1770 1205 1835 Per
1218 1789 1317 1854 quern
1332 1768 1426 1837 salus

330 1873 454 1950 mundi,
484 1893 544 1957 per
572 1864 772 1958 quem-vita
796 1875 946 1940 omniurn
963 1873 999 1952 33,
1022 1893 1082 1958 per
1105 1893 1205 1958 quem
1230 1873 1508 1960 resurrectioifis

329 1986 543 2042 mortuorum.
575 1976 637 2042 Per
651 1977 759 2061 ipsum
772 1985 816 2056 te,
829 1978 984 2055 Domine,
993 1975 1185 2061 suppliciter
1199 1979 1426 2061 deprecamur,

327 2089 366 2146 ut
380 2080 511 2147 animae
526 2079 641 2145 famuli
655 2081 704 2146 tui
717 2080 824 2162 Illius,
838 2081 930 2148 cuius
951 2080 1039 2145 diem
1054 2079 1157 2145 Illum
1169 2076 1196 2118 ¹⁴
1210 2078 1427 2158 celebramus,

327 2183 567 2268 indulgentiam
588 2174 699 2270 largiri
715 2194 910 2269 perpetuam
932 2184 1078 2269 digneris
1090 2182 1125 2260 33,
1141 2192 1243 2267 atque
1263 2184 1428 2267 contagiis

328 2287 539 2354 mortalitatis
565 2298 713 2367 exutam,
738 2288 772 2353 in
803 2297 972 2354 aeternam
998 2286 1191 2353 salvationis
1213 2296 1343 2372 partem
1372 2307 1425 2352 re·

327 2391 447 2458 stituas
456 2390 483 2432 33
498 2411 573 2458 cum
589 2390 715 2476 angelis
730 2401 764 2457 et
779 2391 983 2477 archangelis
994 2390 1030 2456 ¹⁷.
1054 2417 1075 2475 γ

497 2769 640 2835 lucrum
662 2784 714 2836 no
735 2783 1019 2836 rosursuurrnu
1041 2769 1253 2837 pauonum.

374 2905 471 2972 Dicis
480 2905 643 2990 psalmum
659 2909 695 2973 vi
705 2915 829 2973 totum.-
850 2917 884 2972 et
892 2906 1011 2973 iterum
1021 2907 1105 2972 dicis
1113 2907 1156 2971 1⁹:
1179 2907 1331 2974 Oremus.
1374 2907 1430 2972 Et

332 3011 484 3093 incipiens
496 3009 525 3049 ²⁰
540 3009 707 3094 psalmum
728 3011 774 3075 cii
794 3031 892 3094 usque
913 3010 1142 3075 Renovabitur
1160 3008 1281 3076 sicut²¹
1296 3009 1428 3093 aquilae

331 3114 484 3179 iuventus
493 3111 532 3178 33.
576 3112 671 3179 Dicis
693 3113 808 3180 deinde
821 3112 988 3196 psalmum
1010 3115 1311 3197 quinquagesimum
1321 3136 1337 3190 ,·
1351 3124 1430 3196 post

330 3216 388 3284 hoc
401 3219 507 3284 oratio
520 3219 667 3313 sequitur
676 3215 713 3282 33.

376 3338 487 3403 Deum
521 3337 784 3421 omnipotentem
813 3357 855 3402 ac
889 3320 1139 3418 misericordem,
1173 3337 1231 3421 qui
1260 3356 1327 3402 non
1355 3337 1428 3404 vult

332 3452 474 3506 mortem
492 3450 705 3526 peccatonrm
728 3441 786 3506 sed
810 3452 847 3508 ut
868 3449 1101 3507 convertantur
1122 3450 1156 3506 et
1174 3441 1296 3520 ,vivant
1311 3441 1429 3508 iratres

214 3566 219 3576 ·
332 3545 499 3621 carissimi,
523 3544 688 3630 supplices
716 3545 931 3628 deprecemur
941 3542 978 3621 ²⁴,
1009 3555 1047 3610 ut
1075 3564 1233 3611 converso
1262 3546 1305 3612 ad
1337 3546 1428 3610 viam

331 3657 455 3714 rectam
470 3647 594 3713 famulo
609 3668 670 3713 suo
678 3646 742 3713 Illo
752 3647 991 3713 misericordiae
1000 3667 1079 3712 suae
1085 3649 1217 3713 veniam
1232 3649 1429 3733 propitiatus

332 3751 523 3837 indulgeat:
540 3760 574 3816 et
583 3751 610 3817 si
619 3773 706 3837 quae
717 3761 794 3817 sunt
804 3750 973 3837 culparum
984 3771 1116 3817 suarum
1126 3753 1273 3816 omnium
1283 3750 1427 3829 vulnera,

332 3875 418 3940 quae
429 3865 506 3938 post
514 3857 598 3922 sacri
609 3855 729 3921 lavacri
741 3853 866 3920 unda²⁶
879 3855 1048 3921 contraxit
1057 3854 1095 3931 33,
1110 3855 1158 3921 ita
1175 3855 1209 3919 in
1220 3854 1282 3920 hac
1296 3855 1428 3940 publica

332 3959 535 4026 consessione
556 3958 676 4026 delicta
698 3969 860 4035 sanentur,
875 3968 913 4024 ut
930 3957 1022 4023 nulla
1044 3958 1077 4023 in
1100 3955 1213 4024 euniil
1235 3958 1322 4024 ultra
1343 3958 1428 4024 cica-

333 4064 453 4128 tricum
469 4064 564 4149 signa
579 4073 779 4128 remaneant
818 4063 887 4127 'Per
903 4064 1088 4128 Dominum
1104 4074 1261 4128 nostrum.

377 4185 480 4263 Deus,
511 4185 669 4250 iustorum
698 4183 813 4267 gloria,
844 4181 1105 4249 28misericordia
1134 4192 1354 4268 peccatorum,
1383 4183 1428 4247 da

333 4287 410 4354 huic
440 4287 564 4353 famulo
594 4298 652 4352 tuo
682 4286 777 4354 Illi²⁹
810 4288 944 4371 plenam
969 4288 1197 4372 indulgentiae
1225 4288 1365 4364 veniam,
1392 4297 1427 4351 et

248 4372 255 4385 ⁹
334 4391 558 4476 poenitentiae
586 4391 660 4456 loco
669 4390 696 4430 33
726 4403 884 4457 exoratus
913 4390 1068 4474 indulge;
1099 4400 1135 4456 ut
1165 4391 1221 4473 qui
1251 4390 1426 4473 praeterita

334 4504 470 4580 peccata
499 4493 659 4580 deplorat,
686 4493 795 4560 sutura
824 4494 944 4561 mala³¹
975 4515 1042 4561 non
1071 4493 1203 4574 sentiat,
1230 4514 1335 4578 neque
1361 4493 1425 4558 iam

334 4599 469 4664 ulterius
490 4597 639 4682 ‘lugenda
665 4599 863 4664 committat
910 4599 1053 4665 Dimitte
1076 4599 1116 4674 ei,
1139 4598 1292 4677 Domine,
1317 4598 1427 4662 omnia

334 4703 478 4779 crimina,
494 4711 528 4768 et
545 4703 577 4768 iu
593 4703 728 4770 semitas
747 4722 822 4768 eum
839 4703 985 4769 iustitiae
998 4700 1184 4788 ³²placatus
1199 4703 1379 4768 reinstaura
1391 4701 1428 4779 33,
