3352 5828
356 361 420 448 362
789 366 1018 425 Arearum.

328 571 330 579 ·
425 529 525 616 [eVD.
546 532 695 607 Quoniam
715 550 766 612 per
786 531 880 594 sancti
893 531 1024 611 Spiritus
1043 491 1219 614 largitatem]

441 632 540 694 *Beati
561 631 720 694 Clementis
739 630 816 691 Dne.
837 630 967 691 natalitio
1249 648 1252 653 ·

646 768 765 856 [Eodem
785 772 830 833 die
845 770 922 833 Nar.
943 770 976 832 S.
996 770 1161 832 Felicitatis.

460 889 580 950 Praesta
599 906 628 968 q.
650 906 678 948 o.
698 886 736 949 D.
757 898 789 948 ut
808 888 911 948 beatae
931 886 1087 948 Felicitatis

461 986 587 1046 Munera
607 986 659 1045 tibi
680 984 756 1045 Dne.
776 1002 831 1063 pro
852 1003 875 1046 s.
894 983 1052 1045 Felicitatis

463 1083 612 1163 Supplices
631 1094 660 1143 te
681 1101 818 1161 rogamus
838 1100 867 1143 o.
888 1080 926 1142 D.
947 1094 979 1143 ut
1001 1079 1268 1165 intervenientibus]

618 1221 687 1307 [orii
702 1223 774 1285 Kal.
794 1223 861 1285 Dec.
883 1223 956 1285 Nar.
977 1223 1009 1286 S.
1032 1222 1191 1303 Crisogoni.

445 1342 580 1402 *Praesta
599 1340 686 1401 nobis
706 1358 734 1401 o.
756 1339 792 1400 D.
813 1349 845 1400 ut
865 1357 960 1419 quem.
974 1339 1040 1400 fidei

445 1439 622 1501 eOfferimus
641 1438 718 1499 Dne.
739 1457 840 1518 preces
859 1449 889 1500 et
909 1456 1032 1500 munera

413 1542 417 1548 “
464 1537 532 1598 VD.
554 1536 613 1611 Qui
633 1554 688 1597 nos
708 1537 830 1598 assiduis
850 1547 1008 1615 martyrum

446 1637 569 1696 *Armua
589 1634 665 1697 Dne.
685 1653 715 1714 q.
736 1646 769 1695 ut
788 1632 946 1718 mysteriis]

309 1824 316 1839 .
438 1775 584 1855 Ina’pntnt
602 1777 737 1836 matrones
757 1777 788 1835 de
808 1775 945 1838 Adventu
986 1776 1069 1838 Dan.
1091 1795 1110 1837 v
1130 1783 1194 1837 anie
1212 1734 1282 1837 Ner.
1305 1775 1377 1839 Dm:

465 1891 569 1952 Excita
587 1891 663 1953 Dne.
685 1892 843 1970 potentiam
863 1902 945 1952 tuam
965 1901 994 1952 et
1013 1892 1079 1953 veni
1099 1901 1129 1953 et
1149 1892 1230 1972 quod

466 1989 664 2051 Conscientias
684 1999 797 2051 nostras
818 2009 849 2068 q.
871 2008 898 2050 o.
919 1989 956 2050 D.
978 1991 1109 2069 quotidie

338 2075 340 2082 ¹
467 2087 645 2149 Sacrificium
665 2089 715 2148 tibi
736 2089 811 2149 Dne.
834 2088 1040 2149 celebrandum
1060 2087 1190 2168 placatus

465 2186 533 2248 VD.
555 2186 614 2261 Qui
633 2203 688 2248 nos
708 2197 848 2266 tanquam

447 2284 588 2344 *Animae
610 2294 724 2344 nostrae
745 2303 775 2362 q.
796 2301 824 2344 o.
844 2283 882 2345 D.
905 2285 962 2344 hoc
982 2285 1131 2363 potiantur

186 2438 263 2488 Gerb.
388 2421 442 2506 [iii
457 2423 530 2485 Kal.
550 2423 618 2485 Dec.
639 2422 711 2484 Nat.
732 2423 789 2485 SS.
811 2423 968 2485 Saturnini
986 2423 1122 2486 Crisanti
1138 2424 1250 2486 Mauri
1265 2433 1292 2485 et
1309 2423 1434 2488 Danae.

186 2519 211 2569 p.
224 2516 279 2553 ²⁰⁰⁸
466 2538 623 2600 Beatorum
644 2549 799 2617 martyrum
821 2538 897 2600 Dne.
919 2538 1067 2599 Saturnini
1087 2550 1116 2600 et
1138 2539 1261 2601 Crisanti

467 2635 572 2715 Populi
590 2635 632 2696 tui
653 2635 729 2697 Dne.
750 2656 779 2715 q.
799 2638 851 2697 tibi
871 2648 954 2714 grata
974 2638 1010 2697 sit

468 2733 614 2812 Mysteriis
633 2731 709 2793 Dne.
731 2733 830 2811 repleti
851 2752 952 2794 sumus
972 2735 1047 2794 votis
1067 2744 1096 2796 et
1117 2731 1243 2816 gaudiis]

313 2924 320 2939 ,
423 2869 542 2955 [Eodem
563 2869 616 2955 die]
637 2872 686 2953 (iii
702 2871 753 2933 Kl.
774 2872 883 2933 Decffi.
905 2872 955 2954 R.)
984 2874 1045 2951 Vaga
1067 2872 1101 2935 S.
1121 2874 1253 2935 Andreae
1273 2875 1407 2952 Apostoli.

471 2987 510 3061 Q.
531 3004 559 3047 o.
578 2987 616 3047 D.
638 2997 669 3048 ut
690 2989 718 3047 b.
739 2988 871 3048 Andreas
891 2989 1041 3067 apostolus
1062 2999 1129 3049 tuus

471 3085 569 3145 Tuere
589 3103 644 3144 nos
664 3103 704 3144 m.
724 3083 762 3144 D.
784 3096 813 3145 et
832 3085 862 3144 b.
882 3085 1017 3144 Andreae

472 3182 651 3243 Sacrandum
672 3183 723 3242 tibi
744 3182 818 3242 Dne.
839 3201 946 3242 munus
966 3183 1115 3244 offerimus

347 3361 354 3369 μ
471 3281 540 3340 VD.
561 3281 747 3341 Reverentiae
768 3292 834 3340 tuae
855 3281 950 3341 dicato
971 3281 1077 3343 ieiunio

473 3378 620 3458 Perceptis
640 3378 715 3439 Dne.
738 3380 926 3439 sacramentis
946 3379 1113 3457 suppliciter

190 3531 266 3583 Gerb.
278 3548 321 3597 pp.
552 3519 639 3580 Prii.
661 3519 732 3580 Kal.
753 3520 821 3580 Dec.
841 3518 913 3580 Nol.
935 3520 966 3582 S.
987 3522 1120 3580 Andreae
1139 3522 1274 3598 Apostoli.

192 3611 313 3659 ²01‚²0²·
473 3634 655 3699 Maiestatem
676 3645 757 3694 tuam
778 3635 854 3696 Dne.
875 3634 1042 3714 suppliciter
1062 3653 1234 3713 exoramus

473 3732 512 3794 D.
533 3734 583 3812 qui
603 3733 762 3792 humanum
782 3751 875 3811 genus
896 3744 1011 3793 tuorum
1032 3735 1141 3793 retibus

474 3831 651 3891 Sacrificium
665 3841 805 3891 'nostrum
825 3832 876 3891 tibi
896 3829 973 3892 Dne.
994 3851 1023 3910 q.
1043 3834 1073 3891 b.
1093 3830 1229 3892 Andreae

456 3928 540 3990 *VD
562 3929 653 3989 Adest
674 3929 752 3989 enim
773 3930 857 3990 nobis
877 3929 939 3990 dies
958 3929 1131 4009 magnificus

475 4027 556 4088 Beati
576 4028 710 4088 Andreae
731 4027 854 4106 apostoli
874 4027 950 4087 Dne.
972 4047 1000 4106 q.
1021 4029 1226 4089 intercessione

474 4127 556 4186 Beati
577 4126 709 4186 Andreae
731 4126 853 4204 apostoli
876 4127 1086 4204 supplicatione

474 4225 526 4284 Ad
543 4237 690 4303 uesperum.
733 4224 779 4284 Da
800 4226 886 4285 nobis
907 4245 934 4303 q.
958 4225 1034 4286 Dne.
1055 4224 1094 4284 D.
1115 4236 1213 4286 noster
1233 4227 1261 4285 b.
1283 4224 1418 4286 Andreae

474 4325 588 4383 Exaudi
609 4322 684 4384 Dne.
705 4323 845 4401 populum
867 4335 950 4383 tuum
970 4343 1037 4408 cum
1059 4343 1081 4384 s.
1103 4325 1224 4402 apostoli
1288 4338 1292 4355 ²

688 4463 775 4522 Dora.
794 4466 822 4523 iv
842 4472 906 4523 ante
925 4463 997 4523 Nat.
1018 4463 1143 4524 Domini.

475 4577 577 4640 Excita
597 4578 671 4639 Dne.
693 4600 721 4659 q.
742 4580 902 4658 potentiam
923 4591 1002 4638 tuam
1024 4591 1053 4640 et
1072 4580 1136 4641 veni
1157 4592 1185 4640 et
1205 4581 1243 4640 ab
1372 4608 1374 4611 ·

477 4677 642 4738 Praeveniat
663 4698 717 4739 nos
739 4699 776 4757 q.
788 4698 815 4738 o.
837 4677 874 4736 D.
893 4690 946 4738 tua
966 4679 1057 4756 gratia
