3352 5828
694 796 925 855 APPENDIX.

366 956 505 1019 Oblatum
524 959 577 1019 tibi
597 958 672 1021 Dne.
695 961 869 1023 sacrificium
890 962 1014 1024 vivificet
1036 982 1091 1025 nos

346 1055 430 1116 *VD
450 1055 528 1131 Quia
548 1076 638 1138 quum
658 1057 836 1139 Unigenitus

365 1153 515 1235 Supplices
536 1166 565 1218 te
584 1175 723 1237 rogamus
743 1177 773 1223 o.
794 1159 832 1222 D.
854 1170 887 1221 ut
907 1179 981 1240 quos
1001 1161 1057 1222 tuis

364 1252 513 1316 Conserva
533 1274 561 1333 q.
582 1255 657 1321 Dne.
677 1257 817 1319 familiam
837 1269 918 1321 tuam

646 1430 684 1492 In
701 1430 760 1493 oct.
779 1433 979 1512 meapham.

365 1549 448 1613 Deus
467 1553 547 1615 cuius
568 1553 743 1635 Unigenitus
762 1558 792 1617 in
813 1558 972 1619 substantia

348 1650 485 1712 *Hostius
504 1653 555 1714 tibi
576 1652 651 1716 Dne.
671 1673 726 1734 pro
747 1656 806 1716 nati
827 1655 891 1718 Filii
911 1658 952 1718 tui
973 1656 1152 1736 apparitione

366 1746 489 1812 Caelesti
510 1752 617 1814 lumine
637 1772 665 1834 q.
687 1753 764 1815 Dne.
784 1773 899 1835 semper
919 1766 948 1817 et
968 1757 1074 1837 ubique

349 1846 499 1912 slllumina
519 1870 548 1930 q.
570 1851 647 1914 Dne.
669 1853 812 1934 populum
832 1866 915 1916 tuum

385 1984 389 1989 ’
447 2021 612 2087 sommi
626 2026 692 2088 ms.
707 2029 781 2089 Nat.
796 2029 827 2090 s.
842 2028 946 2090 nom
962 2029 1162 2118 posessorio.

367 2147 505 2210 Concede
525 2168 554 2229 q.
575 2169 603 2212 o.
624 2151 661 2211 D.
683 2163 715 2211 ut
735 2151 773 2212 ad
794 2152 943 2215 meliorem

349 2245 414 2306 *Da
434 2267 463 2326 q.
483 2265 512 2308 o.
533 2246 571 2308 D.
593 2250 695 2328 utqui
718 2251 820 2311 beatus
842 2249 923 2311 Felix

369 2343 490 2407 Hostias
508 2347 558 2407 tibi
580 2345 655 2408 Dne.
675 2366 730 2427 pro
751 2348 832 2426 (prae
853 2348 894 2427 R)
914 2350 1190 2411 commemoratione

351 2441 435 2504 *VD
456 2443 494 2506 Et
514 2445 728 2508 confessionem
750 2447 780 2509 S.
801 2447 906 2509 Felicis

377 2543 551 2606 Sanctorum
572 2545 705 2623 precibus
726 2545 904 2607 confidentes

566 2718 717 2780 Dominis
732 2719 843 2798 IIpost
858 2719 1070 2799 lleoplansum.

373 2844 411 2906 0.
432 2863 455 2905 a
476 2845 514 2904 D.
535 2845 585 2924 qui
605 2844 739 2906 caelestia
759 2845 844 2907 simul

373 2942 485 3004 Adesto
504 2962 533 3021 q.
553 2941 629 3004 Dne.
650 2943 907 3022 supplicationibus

372 3039 479 3102 Oblata
499 3039 575 3101 Dne.
596 3058 717 3102 munera
737 3042 883 3102 sanctifica
903 3059 1016 3120 nosque

354 3137 438 3200 sVD.
459 3137 636 3218 Semperque
655 3139 774 3202 virtutes

371 3238 521 3316 Augeatur
540 3237 571 3297 in
592 3237 677 3299 nobis
697 3236 774 3298 Dne.
794 3257 824 3316 q.
846 3248 911 3298 tuae
932 3238 1041 3298 virtutis

372 3335 519 3396 Auxiliare
539 3333 614 3397 Dne.
634 3334 744 3414 populo
764 3347 816 3397 tuo
836 3348 867 3396 ut
888 3355 985 3397 sacrae

497 3512 569 3569 xuri'
579 3508 649 3570 Kal.
664 3507 731 3570 Feb.
745 3507 816 3569 Nat.
830 3506 862 3570 S.
878 3507 1020 3568 Marcelli
1028 3508 1134 3587 Papae.

370 3631 474 3694 Preces
494 3630 595 3711 populi
614 3633 655 3692 tui
675 3651 704 3712 q.
724 3631 800 3693 Dne.
821 3631 978 3693 clementer
998 3633 1104 3693 exaudi

370 3726 433 3812 [Da
452 3748 479 3807 q.
501 3749 529 3792 o.
549 3729 587 3791 D.
608 3731 709 3809 utqui
730 3732 759 3791 b.
780 3726 926 3813 Marcelli]

372 3827 493 3907 Suscipe
514 3848 541 3907 q.
562 3827 639 3890 Dne.
659 3847 781 3889 munera
802 3829 880 3908 dign.
901 3829 961 3892 obl.
981 3839 1010 3890 et
1030 3831 1059 3890 b.
1082 3828 1210 3892 Maroelli

372 3923 472 4007 [sVD.
493 3925 553 4001 Qui
574 3926 743 4005 glorificaris
764 3928 794 3986 in
815 3923 946 4009 tuorum]

372 4023 488 4084 Satiasti
507 4023 583 4085 Dne.
604 4024 743 4086 familiam
763 4034 844 4086 tuum

519 4194 577 4282 [xv
590 4196 661 4259 nar.
676 4197 742 4259 res.
756 4198 828 4261 Nar.
843 4196 877 4260 s.
891 4170 1012 4260 Pasias
1024 4194 1121 4261 Mart.

373 4321 420 4382 Da
439 4341 468 4402 q.
489 4340 517 4383 o.
538 4321 576 4381 D.
595 4332 627 4382 ut
647 4323 697 4401 qui
716 4323 746 4382 b.
768 4321 882 4383 Priscae

354 4419 507 4482 *Hostiam
529 4418 593 4501 (πὶ)
612 4421 688 4482 Dne.
709 4440 738 4501 q.
759 4427 850 4500 quain
869 4421 900 4481 in
921 4433 1089 4484 sanctorum

372 4518 411 4593 Q.
432 4519 506 4580 Dne.
527 4521 696 4582 salutaribus
716 4521 817 4599 repleti
837 4517 994 4604 mysteriis]

498 4688 555 4747 xiv
569 4683 639 4747 Kar
652 4684 720 4746 Feb.
737 4684 809 4747 Nat.
823 4685 944 4747 Marr'ne
955 4694 982 4747 et
992 4687 1139 4748 Marthae.

369 4809 483 4870 Exaudi
502 4809 578 4870 Dne.
599 4809 739 4888 populum
759 4819 842 4869 tuum
862 4827 931 4870 cum
951 4809 1123 4871 Sanctorum

371 4907 478 4968 Preces
497 4907 573 4969 Dne.
594 4918 711 4968 tuorum
732 4907 844 4986 respice

372 5006 545 5068 Sanctorum
566 5017 681 5068 tuorum
702 5004 778 5068 Dne.
798 5006 1005 5068 intercessione
1025 5007 1156 5087 placatus

561 5121 571 5151 ¹
588 5121 618 5170 lc
630 5121 674 5172 uu
685 5111 758 5172 rial
769 5119 820 5172 Sci.
835 5121 926 5171 Feros
938 5121 967 5169 sn
973 5122 1066 5186 pensu

806 5218 830 5268 v
