3352 5828
242 805 291 860 111.
303 804 369 871 xa]
551 802 764 862 ROMANAE
784 801 1027 859 accessura.
1272 802 1334 872 297

241 967 402 1036 collocare
413 968 557 1052 digneris
571 992 580 1047 ς
601 976 637 1033 et
650 966 772 1033 habeat
782 976 910 1053 partem
923 967 957 1031 in
968 966 1075 1050 prima
1090 964 1337 1041 resurrectione,

243 1083 278 1140 et
294 1073 379 1139 inter
392 1081 564 1156 surgentes
582 1082 742 1158 resurgat,
756 1081 791 1138 et
809 1071 894 1138 inter
908 1070 1123 1155 suscipientes
1142 1088 1283 1152 corpora
1302 1066 1336 1132 in

243 1178 299 1244 die
315 1177 558 1243 resurrectionis
580 1174 737 1262 corpus⁴⁹
757 1176 923 1261 suscipiat,
941 1185 975 1241 et
994 1194 1070 1241 cum
1085 1172 1269 1239 benedictis
1291 1171 1336 1237 ad

242 1282 418 1347 dexteram
435 1281 500 1346 Dei
511 1280 618 1346 Patris
631 1280 838 1346 venientibus
849 1279 968 1354 veniat,
980 1288 1014 1345 et
1030 1279 1116 1345 inter
1130 1276 1337 1361 possidentes

242 1384 347 1450 vitam
362 1393 528 1450 aeternam
543 1383 723 1467 possideat.
769 1383 830 1448 Per
846 1383 1038 1449 Dominum.

287 1504 430 1588 Antiqui
453 1502 651 1571 memoresll
672 1502 893 1590 chirographi,
908 1501 1025 1568 fratres
1046 1500 1206 1568 carissimi
1216 1498 1254 1580 ⁸¹,
1268 1518 1337 1584 quo
1364 1512 1396 1563 R.

245 1608 344 1695 primi
365 1609 508 1675 hominis
522 1618 658 1693 peccato
673 1618 707 1674 et
722 1607 924 1693 corruptioni
935 1602 962 1645 ⁶²
977 1607 1112 1672 addicta
1126 1613 1178 1669 est
1192 1603 1338 1670 humana
1363 1578 1513 1695 ffifflff

245 1713 401 1794 conditio,
416 1713 477 1779 sub
499 1713 591 1779 cuius
611 1711 720 1796 lege⁸⁸
735 1713 799 1777 sibi
820 1712 1042 1795 unusquisque
1064 1709 1230 1786 formidat,
1246 1708 1338 1792 quod
1364 1722 1422 1775 9⁵²·

245 1817 319 1884 aliis
346 1819 503 1884 accidisse
523 1816 682 1898 videatu,
711 1816 948 1902 omnipotentis
984 1815 1049 1880 Dei
1079 1814 1339 1880 misericordiam

246 1923 459 2007 deprecemur
484 1942 544 2007 pro
574 1918 728 2005 spiritu⁶⁶
754 1921 819 1986 cari
845 1919 949 1987 nostri
979 1919 1086 1996 Illius,
1115 1918 1210 1984 cuius
1238 1916 1341 1983 hodie
1391 1955 1394 1968 ·

246 2025 410 2110 depositio
439 2025 623 2092 celebratur
633 2025 670 2105 ⁶⁶,
695 2034 733 2091 ut
754 2045 830 2090 eum
849 2024 885 2089 in
907 2033 1076 2090 aeternam
1099 2022 1246 2107 requiem
1268 2041 1340 2087 sus·

247 2130 356 2215 cipiet,
371 2139 405 2194 et
420 2130 518 2195 beata
533 2128 770 2195 resurrectione
781 2126 807 2169 ⁶⁷
826 2135 1059 2212 repraesentet.
1105 2125 1177 2190 Per.

292 2251 393 2329 Deus,
409 2249 466 2334 qui
485 2250 579 2314 iustis
594 2246 887 2334 supplicationibus
902 2241 1060 2335 [semper]
1071 2245 1097 2285 ⁶⁸
1113 2255 1245 2331 praesto
1259 2265 1295 2310 es
1306 2243 1343 2324 ³⁹,
1368 2257 1399 2309 R.

248 2353 305 2438 qui
320 2355 375 2437 pia
389 2364 468 2418 vota
490 2353 636 2437 dignaris
658 2352 784 2430 intueri,
799 2353 843 2418 da
863 2352 987 2417 famulo
1009 2362 1069 2416 tuo
1091 2350 1153 2416 Illi
1162 2349 1200 2429 ⁸⁰,
1214 2349 1305 2415 cuius
1314 2347 1342 2388 ⁶¹
1368 2323 1516 2441 &3:1⁴1

249 2457 469 2542 depositionis
490 2453 627 2521 hodie⁰²
644 2454 753 2522 officia
774 2456 828 2539 pia
839 2453 867 2496 ⁸⁸
882 2464 1099 2542 praestamus,
1120 2473 1198 2521 cum
1219 2453 1343 2520 sanctis
1369 2470 1445 2573 lfo‘tr

251 2571 352 2645 atque
367 2558 519 2627 electis⁶⁴
535 2561 602 2627 tuis
623 2559 712 2626 beati
736 2560 877 2625 muneris
898 2561 1095 2646 portionem.
1141 2558 1204 2624 Per
1226 2557 1344 2624 Domi·
1445 2531 1517 2572 '²⁰⁰'

252 2685 343 2732 num.
363 2689 385 2746 γ

295 2785 362 2851 Dic
373 2780 582 2877 cap[itulum]
628 2787 668 2853 In
684 2787 842 2853 memoria
855 2796 996 2853 aeterna.

351 2994 437 3060 Item
453 2993 615 3060 orationes
629 3003 801 3078 antequam
814 2993 861 3058 ad
870 2993 1047 3077 sepulcrum
1061 2991 1243 3073 deseratur.

299 3115 409 3181 Deum
425 3115 567 3180 iudicem
584 3116 812 3190 universitatis,
827 3115 937 3180 Deum
956 3113 1146 3179 caelestium
1170 3122 1204 3178 et
1227 3122 1345 3179 terres·
1372 3117 1441 3199 μ

254 3221 353 3285 trium
369 3230 403 3286 et
419 3219 617 3284 iniemorum
633 3219 814 3284 Dominum
826 3218 862 3298 ⁸⁸,
879 3219 1095 3300 deprecemur
1104 3216 1132 3257 ⁶⁸
1148 3237 1210 3300 pro
1229 3215 1346 3302 spiritu
1373 3183 1520 3298 ᾙξζὶζ

254 3323 321 3389 cari
336 3323 438 3388 nostri
451 3322 558 3402 Illius,
573 3323 621 3387 uti
636 3341 711 3387 eum
728 3322 892 3386 Dominus
903 3319 928 3360 ⁸³
943 3321 978 3385 in
993 3320 1139 3405 requiem
1149 3317 1176 3359 ⁸⁸
1186 3318 1348 3386 collocare

254 3427 417 3510 dignetur,
433 3434 468 3490 et
482 3425 515 3490 in
530 3435 625 3509 parte
636 3424 663 3464 ⁶⁹
678 3425 804 3508 primae
818 3424 1060 3491 resurrectionis
1075 3422 1256 3490 resuscitet
1285 3421 1349 3486 Per

256 3530 440 3595 Dominum
458 3539 606 3595 nostrum
615 3527 653 3592 ⁷⁰.

298 3649 360 3725 Te,
390 3651 537 3714 Domine
564 3659 687 3728 sancte,
716 3649 814 3714 Pater
838 3647 1057 3732 omnipotens,
1082 3657 1215 3713 aeterne
1246 3646 1349 3725 Deus,
1374 3661 1521 3712 tunnam.

255 3751 420 3838 supplices
440 3753 658 3838 deprecamur
672 3773 733 3837 pro
750 3753 866 3838 spiritu
888 3752 1001 3817 famuli
1025 3753 1074 3818 tui
1083 3750 1111 3791 ⁷¹
1125 3751 1233 3827 Illius,
1247 3769 1349 3834 quem
1374 3725 1511 3858 ξίᾱῗζέι.

256 3858 300 3923 ab
314 3857 494 3940 originibus
515 3855 612 3922 huius
632 3856 754 3923 saeculi
774 3856 818 3921 ad
836 3867 870 3922 te
889 3856 1036 3923 arcessiri
1045 3853 1072 3895 ⁷²
1089 3853 1296 3939 praecepisti,
1311 3863 1350 3919 ut

257 3961 409 4047 digneris,
425 3959 578 4038 Domine,
598 3961 678 4025 dare
699 3960 729 4026 ei
751 3960 861 4026 locum
884 3959 1038 4036 lucidum,
1060 3958 1170 4025 locum
1192 3955 1350 4042 refrigerii

258 4074 294 4130 et
312 4064 441 4147 quietis
486 4064 602 4129 Liceat
621 4063 652 4130 ei
669 4064 808 4129 transire
832 4073 944 4147 portas
966 4061 1167 4128 infernorum
1190 4071 1225 4137 et
1244 4056 1353 4126 vias²⁸

259 4167 480 4246 tenebrarum,
505 4176 702 4251 maneatque
728 4168 761 4231 in
786 4167 1011 4232 mansionibus
1035 4175 1235 4242 sanctorum,
1261 4173 1296 4229 et
1318 4162 1352 4229 in

259 4268 333 4336 luce
355 4281 478 4347 sancta,
492 4291 592 4354 quam
607 4269 688 4335 olim
703 4270 863 4336 Abrahae
877 4269 1058 4355 promisisti
1074 4277 1108 4334 et
1124 4266 1240 4333 semini
1260 4267 1352 4332 eius:

189 4387 247 4445 τεο
261 4369 385 4436 nullam
398 4371 575 4436 laesionem
586 4371 748 4436 sustineat
756 4371 868 4434 anima
874 4366 902 4407 ⁷⁴
914 4370 993 4447 eius,
1001 4369 1061 4434 sed
1071 4387 1174 4453 quum
1188 4398 1199 4424 ·
1212 4387 1354 4451 magnus

261 4475 333 4541 dies
356 4473 450 4540 ille²⁶
476 4473 716 4539 resurrectionis
740 4493 780 4538 ac
805 4473 1077 4539 remunerationis
1099 4472 1279 4548 advenerit,
1303 4491 1354 4536 re·

261 4577 419 4645 suscitare
436 4598 512 4644 eum
521 4577 672 4662 digneris,
687 4576 842 4656 Domine,
857 4597 1012 4642 unacum
1027 4576 1149 4642 sanctis
1160 4584 1195 4641 et
1204 4572 1354 4641 electis⁷⁰

262 4683 348 4748 tuis:
381 4683 485 4746 dones
513 4680 578 4746 eiw
608 4680 728 4748 delicta
756 4690 858 4765 atque
882 4690 1018 4766 peccata
1047 4680 1220 4764 usquead
1246 4678 1355 4745 novis-

263 4786 384 4851 simum
395 4783 422 4824 ²⁸
447 4788 671 4870 quadrantem,
694 4794 871 4869 tecumque
900 4785 1159 4851 immortalitatis
1187 4784 1291 4848 vitam
1320 4791 1356 4848 et

263 4909 403 4973 regnum
417 4898 635 4972 consequatur
648 4899 828 4955 aeternum.
872 4888 934 4954 Per
948 4889 1130 4954 Dominum
1145 4895 1306 4952 nostrum.

307 5009 555 5094 Omnipotentis
580 5009 644 5075 Dei
671 5009 934 5089 misericordiam,
959 5008 1163 5075 dilectissimi
1188 5006 1354 5087 iratres⁷⁹,
1380 5011 1447 5062 Ru

264 5112 525 5198 deprecemur⁸⁰,
549 5115 639 5180 cuius
661 5115 783 5180 iudicio
805 5125 863 5180 aut
887 5115 1050 5180 nascimur
1073 5123 1131 5179 aut
1154 5111 1295 5190 finimur,
1318 5122 1355 5179 ut
1381 5077 1529 5195 ⁰122ss
