3352 5828
300 405 363 472 168
580 413 709 470 LIBER
728 412 1112 473 SACRAMENTORUM
1229 414 1276 481 [11.
1288 416 1334 478 xn,
1346 416 1401 468 xor.

810 586 891 643 ΧΠ.

538 700 582 765 In
609 699 758 764 Natant
781 712 952 766 snucmn
975 699 1170 766 Iunrnuaa.

682 820 750 886 aiii
770 818 852 886 Kal.
867 819 1025 886 Martias.

119 959 146 1010 s.
344 939 568 1026 Omnipotens
587 940 787 1026 sempiterne
807 941 908 1016 Deus,
924 941 981 1025 qui
1000 940 1095 1025 eligis
1115 940 1245 1006 infirma
1265 939 1403 1007 mundi¹

118 1024 198 1140 {⁸222
210 1036 268 1154 366
300 1053 338 1108 ut
352 1044 450 1110 fortia
465 1064 617 1128 quaeque
631 1044 815 1110 confundas
828 1069 836 1123 ;
859 1046 903 1110 da
917 1043 1012 1109 nobis
1027 1046 1060 1109 in
1075 1044 1252 1111 festivitate
1269 1054 1404 1111 sanetae

119 1153 166 1233 see
178 1153 232 1204 lxiv
302 1145 492 1231 martyrae¹
507 1158 585 1214 tuae
605 1148 753 1213 Iulianae
767 1168 913 1233 congrua
926 1147 1101 1214 devotione
1121 1148 1287 1232 gaudere3
1310 1158 1349 1215 ut
1370 1156 1404 1213 et

119 1218 201 1286 unfra.
302 1253 487 1337 potentiam
517 1260 610 1317 tuam
641 1252 674 1317 in
703 1251 774 1317 eius
797 1253 950 1337 passione
973 1252 1154 1332 laudemus,
1178 1262 1212 1317 et
1236 1251 1404 1336 provisum

303 1357 400 1422 nobis
413 1355 633 1441 percipiamus
647 1356 817 1421 auxilium.
855 1357 926 1421 Per.
949 1383 970 1440 γ

780 1503 927 1560 Sentete-

121 1627 140 1678 s
350 1616 390 1680 In
405 1623 540 1681 sanctae
554 1613 743 1699 martyrae¹
763 1625 841 1681 tuae
861 1615 1005 1681 Iulianae
1024 1615 1176 1700 passione
1196 1616 1341 1701 pretiosa
1362 1625 1406 1696 te,

121 1692 200 1809 ἓξὲξ
211 1706 270 1821 366
304 1718 460 1797 Domine,
475 1718 657 1784 mirabilem
680 1718 915 1802 praedicantes,
930 1739 1065 1784 munera
1084 1719 1197 1784 votiva
1210 1721 1405 1786 deserimus:

305 1831 445 1908 praesta,
461 1841 673 1906 quaesumus,
689 1831 727 1886 ut
741 1822 825 1888 sicut
843 1823 912 1889 eius
930 1822 991 1888 tibi
1008 1831 1105 1906 grata
1124 1831 1202 1889 sunt
1220 1824 1344 1902 merita,
1358 1823 1405 1889 sic

305 1934 437 1991 nostrae
452 1926 618 1992 servitutis
631 1935 768 2011 accepta
783 1927 964 1991 reddantur
977 1926 1091 1991 officia„
1137 1926 1209 1991 Per.

732 2072 981 2129 Postoommun.

122 2197 141 2248 S

144 2235 150 2248 .
348 2184 517 2263 Libantes,
543 2185 698 2261 Domine,
725 2206 859 2251 mensae
884 2195 963 2251 tuae
988 2186 1088 2252 beata
1112 2186 1280 2268 mysteria,
1305 2206 1408 2271 quae·

123 2262 270 2393 ῗοξζζζ
303 2308 418 2353 sumus
438 2296 475 2353 ut
496 2299 630 2354 sanctae
646 2288 794 2355 Iulianae
815 2287 1003 2374 martyrae²
1017 2299 1095 2354 tuae
1110 2289 1408 2356 interventionibus

124 2392 277 2509 musaea
303 2391 544 2476 temporalem³
564 2402 599 2458 et
618 2403 827 2477 praesentem
848 2395 946 2460 nobis
961 2394 1217 2460 misericordiam
1237 2395 1406 2461 conferant

124 2458 219 2588 {ff
303 2504 338 2560 et
351 2505 529 2562 aeternam.
573 2498 646 2562 Per.

336 2613 346 2645 ¹
369 2615 480 2682 Infirma
491 2614 582 2664 mundi
591 2614 663 2680 eligis
674 2614 701 2665 S'
711 2615 789 2666 Gerb.
905 2614 916 2644 ¹
932 2616 1052 2680 manyni
1063 2614 1091 2665 S¹
1102 2616 1177 2668 Gerb.
1292 2615 1302 2646 ¹
1318 2621 1408 2681 tempo·

304 2681 386 2732 ratem
403 2696 483 2730 aeems
498 2679 661 2746 superfluous,
679 2680 729 2730 aud
748 2682 770 2730 is
788 2680 892 2731 omitted
911 2681 937 2731 in
958 2681 1012 2731 lxiii
1032 2681 1113 2746 infra.
1149 2682 1174 2731 lt
1193 2696 1299 2747 appears
1318 2681 1344 2730 in
1365 2681 1408 2732 the

305 2747 417 2798 henaim
428 2744 615 2809 Sacramentary
627 2761 655 2795 as
666 2745 725 2796 well
735 2760 764 2795 es
774 2746 800 2796 in
811 2746 842 2796 V.
855 2747 928 2810 (thou
946 2745 963 2796 h
978 2747 1127 2812 apparently
1138 2746 1198 2809 only
1213 2761 1241 2796 u
1255 2762 1287 2796 m
1303 2746 1408 2797 alterna·

306 2811 358 2863 live
370 2809 495 2875 reading),
506 2811 555 2860 aud
565 2826 618 2860 vu
633 2810 742 2877 perhaps
755 2811 810 2861 also
827 2811 871 2862 the
887 2763 989 2877 reading
1005 2812 1035 2862 ol
1046 2811 1084 2873 8¹,
1094 2811 1177 2862 where
1190 2810 1218 2862 S‘
1231 2811 1278 2861 hu
1291 2811 1409 2877 dmoni

307 2893 366 2929 orer
378 2891 410 2926 an
421 2891 531 2932 erasure;
547 2875 623 2926 Gerb.
636 2891 720 2940 agrees
732 2876 793 2926 with
804 2875 840 2926 δ’.

807 3087 908 3144 ΧῙΠ.

349 3200 392 3265 In
416 3199 563 3263 Natam
588 3198 782 3266 saucrns¹
806 3201 1030 3264 Psnrsrunu
1052 3214 1101 3266 nr
1125 3201 1372 3267 Famcmnrrs.
1423 3209 1481 3266 642

717 3302 804 3367 Non.
827 3299 1010 3368 Martias²,.

130 3438 157 3490 s.
354 3423 409 3488 Da
430 3423 540 3500 nobis,
568 3423 711 3488 Domine
742 3422 834 3487 Deus
859 3434 981 3502 noster,
1007 3433 1194 3489 sanctorum
1225 3434 1409 3506 martyrum

129 3503 278 3634 ξὲζῇᾗ
311 3527 441 3613 palmas
468 3527 650 3593 incessabili
674 3527 906 3592 veneratione⁸
935 3529 1100 3593 venerari:
1134 3537 1171 3593 ut
1199 3548 1284 3612 quos
1308 3528 1410 3612 digna

311 3642 423 3697 mente
445 3650 513 3695 non
536 3650 712 3714 possumus
732 3629 905 3707 celebrare,
919 3630 1097 3696 humilibus
1118 3631 1236 3696 saltem
1259 3631 1409 3714 frequen·

311 3746 421 3802 temus
437 3735 604 3818 obsequiis
616 3732 639 3798 ⁴.
686 3735 757 3798 Per.

786 3857 933 3914 Semta.

130 3992 148 4044 S
170 4019 176 4031 .

149 4030 155 4043 ,
355 3969 507 4045 Intende,
524 3968 676 4043 Domine,
696 3989 839 4044 munera,
856 3990 1064 4054 quaesumus,
1079 3969 1239 4035 altaribus
1259 3969 1325 4034 tuis
1348 3990 1409 4053 pro

130 4057 208 4174 (ᾆξ’
219 4069 277 4189 ᾗῇ
309 4083 496 4139 sanctarum
512 4082 643 4138 tuarum
660 4072 842 4139 Felicitatis
851 4072 874 4153 ⁶,
890 4075 1079 4159 Perpetuae,
1091 4075 1410 4139 commemoratione

310 4178 498 4262 proposita:
522 4187 560 4242 ut
584 4177 671 4242 sicut
694 4198 754 4261 per
773 4177 854 4244 haec
880 4179 977 4243 beata
1002 4179 1159 4261 mysteria
1182 4176 1245 4241 illis
1267 4178 1408 4262 gloriam

310 4280 488 4356 contulisti,
503 4281 599 4345 nobis
614 4280 857 4365 indulgentiam
873 4279 1027 4365 largiaris.
1074 4282 1144 4345 Per.

737 4426 984 4483 Postoommrm

129 4558 155 4611 s.
353 4540 487 4605 Praesta
531 4538 636 4613 nobis,
683 4539 838 4615 Domine,
882 4560 1089 4624 quaesumus,
1133 4537 1411 4606 intercedentibus

130 4625 208 4743 ἓξὲξ
221 4638 278 4756 {23
309 4642 461 4720 sanctisl,
488 4653 526 4708 ut
551 4663 638 4728 quae
661 4665 718 4709 ore
742 4645 964 4728 contingimus
987 4666 1068 4730 pura
1092 4653 1204 4708 mente
1229 4644 1410 4728 capiamus.

310 4748 381 4813 Per.
404 4775 425 4832 γ
