3352 5828
278 810 328 866 111.
341 808 458 878 acaci]
590 809 803 868 ROMANAE
822 809 1065 869 ECCLESIAE.
1308 817 1371 890 295

276 995 401 1057 sumus,
414 997 474 1061 per
492 974 769 1044 illustrationem²
784 978 871 1044 unici
887 977 962 1043 Filii
978 977 1027 1043 tui
1044 977 1288 1062 Redemptoris,
1304 977 1372 1044 Dei

276 1097 317 1144 ac
336 1080 472 1147 Domini
490 1081 593 1147 nostri
616 1082 693 1148 Iesu
716 1080 850 1161 Christi,
871 1091 907 1148 et
931 1080 1074 1166 Spiritus
1095 1081 1202 1147 sancti
1215 1081 1370 1148 benedic·
1400 1154 1404 1161 ,

277 1183 370 1249 tione
380 1184 404 1264 ³,
425 1184 628 1252 sanctificata
648 1186 761 1253 omnia
782 1195 884 1272 atque
905 1186 1087 1266 benedicta,
1103 1183 1250 1269 depulsis
1270 1194 1371 1270 atque

278 1288 417 1354 abiectis
440 1291 560 1355 vetusti
590 1290 693 1356 hostis
723 1300 825 1377 atque
848 1291 953 1375 ,primi
986 1289 1141 1356 facinoris
1170 1288 1371 1355 incentoris⁴

277 1390 414 1469 insidiis,
435 1392 609 1459 salubriter
632 1415 676 1459 ex
700 1395 798 1460 buius
823 1394 890 1461 diei
917 1392 1136 1461 anniversaria
1161 1393 1372 1460 solemnitate

278 1495 416 1561 diversis
431 1507 536 1563 terrae
550 1497 688 1564 edendis
703 1497 907 1582 germinibus
921 1517 1102 1562 sumamus.
1147 1495 1215 1581 Qui
1232 1497 1315 1562 vivis
1337 1506 1372 1563 et

279 1619 399 1683 regnas
412 1600 446 1666 in
461 1601 597 1667 unitate.
622 1629 627 1647 ¹

301 1732 320 1794 ,¹
336 1735 417 1786 iustae
438 1737 525 1787 aneas
534 1737 670 1788 tentamine
680 1737 728 1798 V.;
744 1738 810 1788 iuste
817 1736 924 1803 sunem
934 1736 1100 1789 unemnult
1232 1735 1373 1788 ’murtro-

278 1735 488 1918 &mvn
499 1810 559 1854 text.
668 1800 678 1831 ¹
693 1803 864 1865 trumvine,
875 1817 905 1854 ro
916 1803 947 1855 V.
961 1803 1002 1866 R,
1013 1803 1119 1870 perhaps
1130 1802 1372 1870 mgrammetleally.

786 2051 854 2109 xo.

609 2180 846 2250 Bsusmcmo
868 2193 1040 2247 annolus.

323 2316 416 2382 Deus
430 2317 488 2402 qui
502 2317 589 2384 hanc
602 2319 730 2385 arboris
750 2318 869 2404 poma¹
884 2328 943 2385 tua
961 2318 1103 2383 iussione
1118 2326 1152 2383 et
1170 2317 1373 2402 providentia
1398 2329 1430 2380 m

279 2422 488 2506 progenitam
511 2416 599 2511 [esse
618 2422 753 2490 voluisti
762 2417 801 2511 Ἴ,
816 2442 903 2490 nunc
922 2423 1023 2488 etiam
1042 2423 1160 2487 eadem
1179 2422 1374 2487 benedicere
1399 2393 1476 2448 Μ’·
1488 2395 1546 2459 ³⁰⁸·

280 2534 315 2591 et
340 2525 544 2591 sanctificare
572 2523 718 2611 digneris
744 2546 938 2610 precamur3
972 2535 1010 2591 ut
1037 2527 1237 2611 quicumque
1265 2546 1308 2591 ex
1329 2546 1373 2592 ea

280 2630 487 2714 sumpserint,
503 2630 683 2696 incolumes
698 2651 769 2696 osse
783 2630 925 2696 valeant.
970 2631 1041 2696 Per.

314 2761 657 2830 'pummaV.;R.astext
690 2764 1374 2833 'l'bevordisapparentlytreeledlntbebenedlctiou

282 2829 1375 2898 boumRdemtemlnineringulnmanc...em),mdatsousnencer

282 2894 365 2962 plural
376 2897 489 2962 (eamr).
587 2897 913 2949 ’nomiomacensis

789 3079 877 3135 101.
980 3073 983 3082 '

484 3209 704 3276 Onnmonns
726 3220 816 3274 nost
837 3220 981 3274 osmunt
1006 3219 1177 3273 nonnus

326 3347 386 3412 Pio
408 3346 643 3412 recordationis
665 3346 795 3424 affectu,
814 3344 930 3410 fratres
952 3344 1121 3424 carissimi,
1135 3363 1374 3409 commemora·
1400 3372 1424 3411 a

280 3449 406 3515 tionem
430 3449 609 3515 iaciamus¹
635 3449 701 3515 cari
730 3449 833 3515 nostri
854 3447 953 3513 Illius
962 3444 986 3526 ²,
1010 3467 1109 3531 quem
1140 3447 1307 3512 Dominus
1332 3447 1375 3513 de
1399 3426 1556 3546 ξ’ξέξζ

281 3553 520 3618 tentationibus
534 3550 655 3616 huius⁸
670 3551 792 3616 saeculi
814 3549 1002 3633 assumpsit,
1020 3550 1232 3615 obsecrantes
1254 3548 1374 3615 miseri·
1400 3569 1457 3623 951·

281 3652 451 3721 cordiam⁴
467 3656 531 3721 Dei
547 3656 662 3735 nostri,
677 3664 715 3720 ut
730 3655 801 3739 ipse
821 3655 850 3718 ei
873 3655 1021 3719 tribuere
1041 3654 1198 3738 dignetur
1216 3652 1374 3738 placitam

280 3767 316 3824 et
338 3759 485 3844 quietam
510 3759 715 3825 mansionem
727 3756 750 3838 ⁶,
772 3758 921 3824 remittat
943 3776 1059 3822 omnes
1081 3756 1225 3822 lubricae
1245 3756 1375 3821 temeri·

281 3863 360 3928 tatis
374 3861 526 3942 offensas,
540 3872 578 3928 ut
593 3881 749 3929 concessa
759 3862 858 3928 venia
872 3859 992 3946 plenae
1007 3860 1232 3944 indulgentiae
1244 3859 1268 3937 ⁸,
1279 3859 1376 3944 quid·

281 3966 362 4050 quid
379 3967 412 4030 in
427 3965 491 4031 hoc
505 3965 639 4033 saeculo
656 3965 808 4051 proprius
830 3986 921 4031 error
935 3962 1069 4030 attulit⁷
1085 3973 1194 4030 totum
1218 3962 1375 4030 ineffabili

247 4099 253 4107 ·
282 4071 407 4156 pietate
421 4090 460 4136 ae
477 4070 681 4154 benignitate
695 4090 755 4136 sua
769 4078 962 4154 compenset
971 4069 994 4132 ⁸.
1040 4068 1133 4133 Perl.
1161 4093 1183 4150 γ

327 4191 400 4257 Diri
415 4190 561 4256 vulneris
577 4191 726 4256 novitate
739 4190 892 4276 perculsi,
907 4198 940 4254 et
956 4189 1204 4273 quodammodo
1219 4188 1376 4254 cordibus
1399 4203 1546 4256 hemam.

282 4295 429 4373 sauciati,
451 4294 708 4360 misericordiam
730 4304 833 4370 tuam,
857 4295 972 4359 mundi
993 4293 1193 4377 redemptor,
1213 4290 1376 4357 flebilibus

282 4399 418 4465 vocibus
443 4399 666 4483 imploramus,
690 4408 728 4464 ut
752 4397 819 4464 cari
842 4397 944 4463 nostri
971 4396 1070 4462 Illrirs
1097 4396 1243 4462 animam
1272 4396 1317 4462 ad
1342 4405 1376 4462 te

283 4502 434 4568 datorem
457 4502 627 4586 proprium
637 4501 664 4541 ¹⁰
681 4510 900 4567 revertentem
922 4500 1045 4566 blande
1065 4499 1248 4585 leniterque
1258 4499 1285 4539 ¹¹
1307 4521 1376 4566 sus·

259 4605 394 4690 :cipias,
414 4614 448 4671 et
469 4607 496 4671 si
517 4625 600 4689 quas
615 4603 671 4670 illa
691 4624 736 4669 ex
758 4604 822 4673 hac
840 4604 962 4669 carnali
980 4603 1241 4672 commoratione
1250 4600 1277 4642 ¹²
1298 4623 1375 4670 con·

282 4710 388 4775 traxit
404 4710 548 4775 maculas
557 4708 593 4784 ¹⁸,
603 4720 649 4785 tu,
661 4709 764 4787 Deus,
776 4708 893 4774 inolita
903 4709 1054 4774 bonitate
1065 4708 1244 4772 clementer
1255 4707 1376 4785 deleas,

209 4828 268 4885 748
282 4813 338 4897 pie
359 4814 553 4898 indulgeas,
569 4811 725 4877 oblivioni
743 4814 776 4876 in
792 4822 990 4897 perpetuum
1006 4814 1127 4888 tradas,
1142 4820 1245 4895 atque
1258 4808 1376 4876 hanc¹⁴

281 4919 422 4983 eandem
447 4917 560 4981 laudes
582 4915 641 4980 tibi
663 4936 739 4981 cum
762 4917 880 4981 ceteris
905 4916 1117 4994 reddituram,
1139 4917 1234 4981 etad
1255 4934 1375 4998 corpus

281 5021 483 5105 quandoque
499 5040 708 5100 reversuram,
723 5030 912 5085 sanctorum
935 5029 1067 5086 tuorum
1090 5018 1239 5086 coetibus
1260 5037 1376 5103 aggre-

281 5126 352 5209 gari
363 5123 389 5162 ¹⁶
403 5125 594 5209 praecipias.
641 5125 703 5189 Per
718 5124 911 5189 Dominum.
