3352 5828
320 381 383 445 224
599 372 726 429 LIBER
747 372 1132 431 SACRAMENTORUM
1321 372 1415 440 [1111.

704 1039 907 1123 LIBER
943 1039 1066 1125 Ill..

694 1402 697 1410 ’
788 1418 956 1505 A÷tt

625 1591 776 1645 INCIPIT
797 1594 915 1647 LIBER
946 1591 1118 1646 TERTIUS.

362 1705 434 1757 ORA
440 1705 576 1758 TIONES
590 1705 648 1758 ET
658 1708 806 1760 PRECES
821 1711 907 1762 CUM
920 1707 1075 1761 CANONE
1091 1706 1167 1757 PER
1184 1698 1389 1757 DOMINICIS

780 1790 956 1843 DIEBUSR

843 2091 897 2157 1¹.

142 2235 212 2288 les.
370 2227 472 2306 Deus,
498 2228 555 2314 qui
584 2229 797 2314 diligentibus
826 2239 862 2296 te
890 2231 978 2296 bona
1004 2227 1179 2296 invisibilia
1203 2226 1419 2313 praeparasti,

142 2301 289 2433 ffi'ss‘}
326 2332 461 2398 infunde
489 2333 643 2399 cordibus
673 2334 794 2400 nostris
822 2334 872 2401 tui
902 2334 1024 2401 amoris
1053 2331 1220 2413 affectum,
1253 2340 1292 2397 ut
1320 2342 1357 2400 te
1385 2332 1421 2397 in

143 2434 212 2484 Men
226 2444 280 2498 ¹7²·
326 2436 480 2502 omnibus
496 2447 531 2502 et
545 2459 645 2522 super
661 2437 774 2504 omnia
787 2437 971 2522 diligentes,
987 2438 1222 2522 promissiones
1238 2444 1321 2514 tuas,
1335 2456 1422 2521 quae

302 2534 308 2540 ’
326 2560 425 2605 omne
442 2538 664 2607 desiderium²
684 2549 850 2626 superant,
864 2561 1114 2626 consequamur.
1158 2541 1221 2606 Per
1235 2538 1421 2605 Dominum

327 2651 486 2708 nostrum.
501 2670 522 2725 γ

146 2775 215 2827 tes.
371 2762 473 2841 Deus,
496 2762 552 2847 qui
575 2762 608 2828 in
630 2764 751 2831 sanctis
774 2763 915 2841 habitas,
938 2772 973 2829 et
996 2765 1052 2850 pia
1074 2764 1174 2830 corda
1196 2784 1264 2829 non
1288 2761 1423 2841 deseris,

146 2841 222 2893 ω’·
236 2841 291 2905 ¹⁴⁸·
327 2867 432 2932 libera
454 2888 516 2932 nos
536 2887 557 2932 a
581 2869 718 2933 terrenis
744 2868 914 2934 desideriis
938 2877 971 2932 et
997 2868 1179 2952 cupiditate
1205 2865 1345 2945 camali3
1376 2875 1423 2944 ut,

328 2969 420 3034 nullo
443 2969 477 3033 in
502 2969 598 3034 nobis
623 2982 783 3054 regnante
807 2979 952 3056 peccato,
973 2970 1034 3037 tibi
1055 2969 1117 3035 soli
1142 2970 1289 3036 Domino
1312 2968 1423 3034 liberis

330 3073 494 3138 mentibus
508 3072 697 3139 serviamus.
742 3075 814 3140 Per.

805 3219 949 3277 sectatu.

149 3342 181 3394 lt
192 3340 218 3394 S.
376 3330 568 3414 Propitiare,
584 3331 737 3409 Domine,
752 3330 1046 3416 supplicationibus
1061 3330 1191 3406 nostris,
1206 3340 1240 3395 et
1254 3328 1315 3394 bas
1331 3328 1425 3395 obla·

149 3407 296 3537 ffi'ssgs·
330 3434 439 3498 tiones
459 3433 657 3499 famulorum
673 3433 934 3518 famularumque
948 3445 1079 3499 tuarum
1094 3434 1257 3519 benignus
1275 3453 1425 3510 assume;

150 3539 220 3590 tren.
234 3549 290 3603 17²·
332 3547 370 3601 ut
384 3537 474 3620 quod
488 3537 607 3622 singuli
623 3535 812 3602 obtulerunt
827 3538 870 3603 ad
890 3536 1049 3602 honorem
1069 3537 1209 3601 nominis
1224 3536 1284 3616 tui,
1300 3535 1425 3602 cunctis

253 3667 258 3678 ·
331 3639 483 3723 proficiat
497 3641 540 3705 ad
556 3640 707 3706 salutem.
752 3640 822 3706 Per.
838 3667 857 3723 γ

750 3786 1001 3842 Postoommun.

150 3919 221 3973 RS.
377 3898 470 3983 Quos
500 3898 642 3979 caelesti,
671 3899 824 3977 Domine,
852 3897 968 3965 dono⁸
996 3898 1132 3977 satiasti,
1157 3907 1297 3982 praesta,
1322 3918 1425 3982 quae·

150 3985 296 4116 ffiffi·
332 4023 456 4079 sumus,
487 4012 524 4067 ut
552 4023 573 4067 a
602 4004 723 4070 nostris
751 4005 949 4069 mundemur
972 4002 1119 4079 occultis,
1145 4012 1179 4068 et
1206 4001 1250 4067 ab
1278 4000 1425 4068 bostium

151 4118 219 4168 tren
235 4128 288 4182 172.
331 4106 509 4172 liberemur
523 4106 659 4170 insidiis.
705 4107 768 4171 Per
782 4107 975 4172 Dominum.
994 4135 1015 4190 γ

364 4244 373 4273 ¹
389 4242 452 4293 'Ibis
459 4241 540 4293 Missa
551 4242 573 4291 is
583 4242 697 4308 assigned
708 4242 781 4307 hyle
790 4241 816 4293 S.
826 4242 901 4294 Gerb.
909 4250 937 4293 to
946 4241 989 4293 the
999 4243 1099 4293 sevcntb
1107 4240 1426 4306 Sundnyrnereenteoon,

331 4311 370 4360 for
379 4308 462 4359 which
478 4307 579 4372 Sundry
589 4307 644 4356 slso
654 4307 697 4357 the
713 4307 765 4359 lint
775 4307 884 4368 collect,
896 4307 987 4368 Secret,
997 4307 1047 4357 and
1060 4307 1280 4357 Postcommuniou
1296 4323 1337 4357 ere
1352 4307 1427 4372 given

332 4375 357 4424 in
374 4374 443 4424 Men.
475 4373 529 4423 'Ibe
540 4371 647 4449 parallel
657 4373 739 4423 Missa
752 4373 778 4423 in
791 4374 894 4424 Premis
910 4373 949 4423 ior
964 4372 1006 4424 the
1022 4372 1088 4422 sixtb
1100 4372 1200 4437 Sunday
1210 4372 1273 4422 aiter
1286 4371 1426 4422 Pentecost.

331 4439 342 4468 ‘
358 4439 430 4488 omni
443 4438 562 4487 desideras
578 4437 609 4486 V.
626 4437 865 4502 ungnmmatically.
898 4437 925 4488 S¹
942 4438 1017 4488 Gerb.
1034 4439 1103 4487 Pam.
1120 4437 1188 4487 Men.
1205 4452 1234 4486 u
1250 4444 1315 4499 text3
1333 4438 1364 4486 R.
1380 4437 1427 4486 bas

332 4519 403 4554 omne
413 4503 539 4553 dcarlisrio.
638 4502 648 4532 ³
663 4503 728 4553 dona
740 4503 771 4554 V.
778 4520 786 4566 ς
802 4504 833 4553 R.
845 4502 871 4554 S.
884 4502 959 4554 Gerb
971 4503 1040 4553 Pam.
1051 4504 1118 4554 Mem
1129 4518 1158 4552 u
1168 4510 1227 4554 text.

366 4636 381 4669 *
397 4637 432 4687 So
448 4635 498 4695 V.;
517 4636 645 4686 Tommasi
665 4635 736 4687 reads
748 4643 809 4753 ζὲς
829 4638 875 4688 but
894 4638 914 4687 lt
934 4653 1013 4688 seems
1031 4643 1096 4688 most
1115 4637 1193 4702 likely
1211 4636 1267 4688 that
1283 4635 1428 4688 Dominicis

334 4701 418 4750 diebus
429 4701 450 4752 is
461 4717 492 4751 nn
504 4702 710 4766 ungrammartesl
721 4702 753 4752 ab
790 4703 835 4753 ‘ve
