3352 5828
302 761 447 831 rimu]
615 763 830 821 somnae
850 764 1093 822 accrasma.
1337 771 1397 840 ιη

670 1004 810 1070 Sabbata
825 1005 861 1070 in
874 1005 927 1070 xii
941 1005 1030 1071 Lect.

348 1139 494 1222 Praesta,
515 1142 669 1222 Domine,
686 1162 894 1226 quaesumus,
915 1141 1047 1209 famulis
1070 1145 1146 1225 tuis,
1164 1143 1317 1231 talesque
1335 1165 1397 1211 nos
1423 1165 1494 1218 ns

303 1247 449 1313 concede
470 1243 575 1311 fieri¹⁴
590 1255 668 1311 tuae
689 1246 814 1330 gratiae
835 1245 997 1331 largitate,
1013 1256 1050 1313 ut
1072 1249 1161 1314 bona
1179 1259 1238 1315 tua
1255 1258 1289 1316 et
1311 1249 1397 1315 fidu·
1423 1231 1571 1362 ἓξὲξ·

304 1349 433 1415 cialiter
445 1348 660 1435 imploremus
667 1344 703 1429 ²⁶,
718 1357 752 1415 et
766 1349 836 1414 sine
850 1348 1047 1416 difficultate
1064 1371 1244 1417 sumamus.
1290 1352 1362 1419 Per.
1423 1361 1506 1414 horr.
1518 1376 1544 1427 3.

348 1470 414 1546 Da,
444 1470 549 1549 nobis,
580 1469 734 1550 Domine,
761 1489 960 1554 quaesumus
968 1467 1004 1550 ²⁶,
1034 1490 1175 1556 regnum
1204 1482 1300 1538 tuum
1331 1473 1399 1539 ius·
1423 1487 1496 1540 RS.

304 1574 482 1659 titiamue
519 1594 650 1659 semper
688 1573 859 1657 inquirere,
900 1583 938 1640 ut
980 1574 1100 1658 quibus
1143 1575 1292 1662 indigere
1338 1597 1399 1645 nos
1424 1553 1571 1686 ,OQ-²¹¹3·

304 1674 498 1764 perspicis²⁷
513 1677 694 1744 clementer
708 1676 807 1742 iacias
821 1676 999 1744 abundare.
1044 1678 1117 1746 Per.
1422 1685 1544 1764 laona.

231 1810 293 1868 6οό
350 1799 468 1879 .1)ειιε,
483 1799 540 1883 qui
555 1818 617 1865 nos
631 1798 674 1863 de
684 1798 911 1883 praesentibus
924 1800 1124 1867 adiumentis
1140 1822 1213 1867 esse
1228 1801 1361 1867 vetuisti
1371 1797 1399 1840 ¹⁸
1423 1820 1456 1871 ue
1468 1819 1495 1872 S.

305 1902 476 1983 sollicitos,
501 1902 619 1981 tribue,
638 1921 845 1985 quaesumus,
864 1911 901 1969 ut
929 1903 984 1989 pie
1012 1902 1209 1970 sectando²⁰
1232 1925 1321 1990 quae
1340 1914 1400 1972 tua
1423 1886 1571 2017 {⁵3¹0}

304 2016 382 2073 sunt
398 2006 548 2072 universa
563 2004 660 2071 nobis
673 2003 827 2071 salutaria
841 2007 1077 2073 condonentur.
1120 2009 1193 2074 Per.
1424 2016 1544 2082 leona.

349 2127 451 2207 Deus,
465 2126 524 2212 qui
547 2125 802 2192 misericordiam
823 2125 951 2193 tuam⁸⁰
966 2129 1137 2214 praevenis
1156 2149 1223 2195 non
1241 2138 1402 2213 petentes,
1424 2147 1495 2199 res.

305 2233 351 2296 da
373 2231 469 2298 nobis
490 2229 647 2297 affectum
670 2230 875 2296 maiestatem
891 2240 983 2297 tuam
1006 2232 1126 2318 iugiter
1140 2232 1349 2318 deprecandi,
1364 2243 1401 2300 ut
1425 2212 1502 2264 ω’·
1516 2225 1571 2277 ¹³⁵·

306 2336 433 2420 pietate
448 2343 609 2422 perpetua
624 2333 972 2420 supplicibus‘potiora
990 2335 1197 2403 delendas³¹.
1241 2337 1314 2402 Per.
1425 2277 1564 2408 ἕλιξ.

352 2457 455 2537 Deus,
484 2457 542 2541 qui
574 2455 679 2522 non⁸¹
708 2456 850 2542 despicis
883 2458 982 2524 corde
1011 2459 1171 2524 contritos
1200 2469 1234 2524 et
1262 2457 1402 2525 afflictos
1426 2473 1453 2526 s.

307 2561 455 2638 miseriis,
489 2560 653 2646 populum
681 2569 775 2626 tuum
812 2561 922 2627 ieiunii
951 2562 994 2627 ad
1031 2572 1064 2627 te
1092 2561 1308 2629 devotione⁸⁸
1336 2562 1401 2629 cla·
1426 2539 1516 2671 {⁰53⁵

308 2675 455 2730 mantem
471 2661 704 2750 propitiatus⁸⁴
719 2665 853 2744 exaudi,
869 2674 906 2729 ut
921 2686 1003 2750 quos
1023 2665 1208 2732 humiliavit
1222 2666 1402 2734 adversitas
1426 2619 1496 2722 tien.
1510 2680 1564 2735 ¹07·

308 2767 441 2835 attollat
456 2768 672 2852 reparationis
686 2778 763 2834 tuae
778 2770 989 2853 prosperitas.
1034 2769 1106 2835 Per.
1426 2736 1509 2788 Μ’·
1521 2750 1547 2801 ³·

613 2889 697 2954 Item
705 2897 782 2972 post
796 2889 1052 2955 Benedictt'onem
1063 2888 1100 2955 ⁸⁶.

352 3008 445 3074 Deus
477 3009 569 3075 cuius
602 3009 789 3074 adorandae
817 3008 1003 3094 potentia⁸⁶
1036 3009 1218 3075 maiestatis
1247 3008 1403 3075 flammae
1427 3023 1582 3090 umatus)

307 3113 483 3180 saevientis
512 3111 699 3178 incendium
728 3113 852 3178 sanctis
877 3114 982 3179 tribus
1004 3115 1113 3198 pueris
1135 3114 1170 3178 in
1189 3110 1402 3198 splendore⁸²
1426 3089 1547 3219 ἓξὲξ

307 3216 514 3282 demutatum
529 3225 581 3281 est
600 3216 782 3281 animarum
797 3215 832 3294 ⁸⁸,
848 3215 1004 3282 ecclesiae
1018 3227 1095 3282 tuae
1109 3216 1272 3283 similibus
1285 3216 1402 3282 adesto

306 3320 468 3399 remediis,
497 3328 534 3384 ut
563 3319 607 3385 de
636 3320 840 3404 gravioribus
873 3321 987 3386 mundi
1017 3320 1115 3386 huius
1148 3320 1401 3386 adversitatibus

307 3423 542 3509 propitiatione
560 3422 694 3489 caelesti
712 3423 857 3508 populus
874 3433 951 3488 tuus
966 3433 1098 3507 ereptus
1111 3423 1251 3490 exultet
1297 3424 1369 3489 Per.

778 3602 924 3660 &motu

349 3714 492 3780 Domine
516 3714 609 3780 Deus
630 3723 753 3792 noster,
774 3716 832 3800 qui
855 3717 889 3780 in
915 3715 966 3781 his
992 3715 1106 3800 potius
1129 3714 1297 3795 creaturis,
1319 3734 1401 3800 quas
1425 3731 1457 3784 P.
1470 3732 1497 3785 S.

305 3818 348 3883 aa
370 3818 555 3905 fragilitatis
576 3827 707 3885 iosuae
729 3817 968 3904 praesidium³⁰
984 3819 1174 3899 mauronti,
1187 3828 1247 3884 tuo
1268 3839 1402 3904 quoque
1426 3797 1503 3926 (ζὴ
1517 3810 1573 3863 ¹³⁵·

307 3920 470 3988 nomini⁴⁰
505 3943 643 3988 munera
676 3923 798 3989 iussisti
834 3922 1020 3989 dedicanda
1031 3920 1060 3962 ⁴¹
1093 3923 1261 4002 constitui,
1283 3921 1400 4001 tribue,
1426 3877 1497 3980 im
1510 3940 1566 3992 us

306 4045 512 4110 quaesumus,
521 4037 559 4093 ut
573 4036 607 4091 et
621 4026 708 4093 vitae
722 4027 818 4093 nobis
833 4027 1016 4111 praesentis
1031 4025 1203 4106 auxilium,
1213 4035 1248 4093 et
1262 4027 1402 4093 aeterni-
1426 3993 1564 4123 {3¹2⁷

307 4130 387 4196 tatis
401 4131 543 4197 efficiant
557 4141 807 4197 sacramentum.
854 4133 927 4197 Per.
1426 4191 1486 4242 ml
1495 4197 1582 4256 m

350 4250 430 4318 VD.
453 4248 568 4318 ⁴2'l'rbi
590 4251 791 4318 sanctificare
816 4253 974 4318 ieiunium
996 4255 1089 4337 quod
1114 4274 1176 4318 nos
1201 4250 1287 4318 ad⁴⁸
1313 4251 1401 4318 aedi·
1426 4264 1559 4331 Mutat)

309 4355 496 4422 ficationem
518 4357 700 4421 animarum
721 4365 756 4423 et
773 4355 1067 4441 castigationem⁴⁴
1081 4377 1257 4444 corporum
1272 4377 1402 4423 servare
1427 4330 1517 4464 ξξξῗ·

308 4460 450 4525 docuisti
462 4483 472 4537 3
494 4462 572 4544 quia
596 4459 755 4527 strictis⁴⁵
776 4462 971 4545 corporibus
996 4462 1126 4527 animae
1150 4459 1401 4548 saginanturt:
1425 4463 1495 4514 Pam,
1508 4471 1566 4530 stt·

308 4562 430 4648 inquo
452 4564 598 4629 exterior
623 4562 724 4629 homo
748 4572 861 4631 noster
886 4563 1051 4650 affligitur,
1078 4564 1237 4632 dilatatur
1259 4565 1401 4632 interior.
1427 4529 1495 4580 Meu
1508 4539 1565 4591 ¹³⁸'

309 4665 482 4732 Memento
490 4664 528 4745 ⁴²,
558 4667 710 4747 Domine,
734 4668 844 4733 ieiunii
871 4667 1010 4734 nostri⁴⁸
1043 4678 1077 4734 et
1107 4670 1401 4735 misericordiarum

308 4778 451 4849 tuarum,
473 4791 556 4854 quas
577 4772 803 4854 peecatoribus
825 4772 881 4858 pie
910 4792 1042 4856 semper
1071 4773 1295 4838 ieiunantibus
1324 4793 1401 4838 con·

308 4873 425 4953 tulisti,
448 4884 487 4940 ut
517 4896 584 4941 non
617 4873 723 4940 solum
752 4896 774 4940 a
803 4877 895 4952 erbis,
926 4877 985 4941 sed
1018 4896 1039 4941 a
1071 4877 1216 4961 peccatis
1248 4876 1402 4942 omnibus

309 4977 520 5055 abstinentes,
552 4979 736 5046 devotionis
764 4980 826 5046 tibi
856 4980 980 5046 ieiunio
1010 4980 1209 5064 placeamus.
1255 4981 1301 5047 Et
1329 4981 1403 5046 ideo

308 5101 383 5148 cum
407 5082 576 5166 angelisy
