3352 5828
281 391 325 478 58
517 397 693 472 ‚mssa
711 397 1098 457 sacramenrorum
1243 395 1376 465 [rma

281 565 423 631 domum
445 562 601 644 ostendit,
617 565 676 631 sed
698 563 807 630 cordis
821 562 924 629 nostri
943 559 1090 630 secreta⁴
1112 561 1158 628 illi
1180 560 1242 629 soli
1263 572 1379 647 patere

282 678 533 734 commemorat.
579 668 628 736 Et
652 668 765 734 clauso
789 668 875 734 ostio
901 668 1013 733 Deum
1036 667 1173 735 adorare
1195 666 1325 747 debere,
1343 667 1377 732 id

282 779 342 847 est,
358 780 396 838 ut
415 793 437 838 a
453 772 542 837 mala
556 769 781 857 cogitatione⁶
802 781 918 857 pectus
940 780 1085 837 nostrum
1101 771 1263 855 mystica⁸
1286 774 1379 837 clave

283 873 486 951 claudamus,
502 896 542 941 ac
562 876 657 943 labiis
674 876 803 956 clausis,
818 877 1018 961 incorrupta·
1038 885 1148 941 mente
1167 875 1241 941 Deo
1261 876 1377 960 loqua-
1390 885 1450 943 544

283 998 366 1043 mur.
411 979 504 1044 Deus
517 977 655 1045 auteml
672 990 783 1046 noster
797 980 874 1045 fidei
888 978 945 1045 et⁸
965 1000 1032 1046 non
1047 979 1135 1045 vocis
1150 979 1301 1045 auditor⁹
1316 987 1381 1043 est

284 1079 468 1148 Claudatur
476 1081 503 1122 ¹⁰
524 1104 605 1168 ergo
624 1083 715 1149 clave
734 1083 810 1149 fidei
826 1091 941 1167 pectus
955 1092 1103 1149 nostrum
1117 1090 1231 1148 contra
1244 1080 1379 1147 insidias

283 1184 471 1264 adversarii,
486 1197 521 1253 et
541 1186 603 1253 soli
624 1186 700 1252 Deo
719 1196 834 1272 pateat
852 1187 945 1252 cuius
963 1185 1125 1271 templum
1147 1206 1219 1251 esse
1237 1205 1378 1271 cognos-

283 1290 378 1372 citur,
389 1299 427 1357 ut
441 1310 544 1375 quum
559 1290 691 1358 habitat
706 1291 739 1355 in
753 1292 907 1358 cordibus
922 1291 1041 1357 nostris
1055 1291 1126 1375 ipse
1139 1290 1184 1357 sit
1197 1291 1379 1356 advocatus

283 1393 318 1460 in
341 1395 494 1479 precibus
510 1396 641 1461 nostris.
686 1395 778 1479 Ergo
800 1395 866 1460 Dei
888 1394 1006 1462 Sermo
1027 1404 1061 1461 et
1080 1395 1145 1460 Dei
1162 1393 1332 1478 Sapientia
1342 1392 1379 1470 ¹¹,

284 1495 436 1564 Christus
452 1498 617 1564 Dominus
635 1509 755 1580 noster,
769 1497 856 1564 hanc
871 1498 1053 1564 orationem
1069 1518 1129 1563 nos
1143 1499 1267 1578 docuit,
1281 1507 1318 1563 ut
1334 1497 1380 1563 ita

283 1621 427 1669 oremus.

326 1728 495 1796 Posthac
522 1731 690 1797 intraret
718 1731 808 1808 dr'cz‘s,
839 1731 967 1798 Purus
995 1743 1139 1798 uosrsu
1167 1743 1234 1810 Qu1
1267 1743 1378 1797 ss1u

282 1846 426 1899 casus.

327 1946 422 2013 Haec
436 1945 597 2011 libertatis
610 1967 679 2013 vox
691 1956 742 2012 est
758 1954 792 2012 et
806 1946 906 2032 plena
920 1945 1048 2013 fiducia
1081 1947 1173 2032 Ergo
1187 1946 1239 2011 his
1252 1946 1347 2012 vobis
1355 1942 1382 1984 ¹²

283 2050 431 2116 moribus
445 2058 496 2116 est
510 2050 698 2130 vivendum,
716 2060 753 2115 ut
770 2060 805 2116 et
824 2049 882 2116 filii
898 2050 964 2116 Dei
979 2059 1013 2116 et
1033 2050 1148 2116 iratres
1165 2049 1288 2117 Christi
1309 2070 1381 2116 esse

282 2154 415 2240 possitis
424 2152 457 2219 ¹⁸.
503 2154 594 2219 Nam
624 2154 756 2220 Patrem
785 2174 881 2219 suum
915 2154 1026 2220 Deum
1055 2174 1122 2238 qua
1130 2151 1159 2194 ¹⁴
1195 2154 1382 2221 temeritate

284 2258 393 2323 dicere
412 2259 604 2343 praesumit,
619 2257 676 2341 qui
697 2257 741 2322 ab
763 2259 832 2323 eius
846 2257 1018 2324 voluntate
1033 2255 1236 2342 degenerat?
1280 2258 1381 2324 Unde

283 2380 352 2440 vos,
366 2360 579 2437 dilectissimi,
595 2360 715 2446 dignos
730 2362 885 2426 exhibete
898 2361 1079 2445 adoptione
1094 2361 1213 2442 divina,
1224 2361 1380 2445 quoniam

284 2463 445 2548 scriptum
469 2474 528 2541 est,
553 2462 766 2549 Quotquot¹⁶
796 2465 1005 2530 crediderunt
1033 2465 1068 2530 in
1096 2484 1183 2543 eum,
1210 2465 1301 2530 dedit
1334 2466 1381 2529 eis

285 2576 487 2650 potestatem
502 2567 589 2633 filios
604 2567 671 2632 Dei
687 2566 768 2632 fieri.

330 2704 637 2772 Saucmmcnsun
658 2717 793 2770 Nouem
815 2716 937 2769 suum.

334 2824 374 2889 Id
396 2833 457 2901 est,
472 2845 538 2890 non
554 2827 645 2909 quod
661 2825 753 2891 Deus
768 2825 887 2891 nostris
901 2823 1121 2890 sanctificetur
1135 2823 1383 2905 orationibus¹⁸‚

287 2929 344 3012 qui
358 2948 489 3013 semper
503 2937 554 2994 est
569 2939 712 3008 sanctus,
726 2929 784 2993 sed
803 2928 948 3012 petimus
962 2935 1001 2992 ut
1015 2948 1136 2992 nomen
1153 2928 1223 2993 eius
1240 2927 1382 2994 sanctifi·

288 3043 382 3097 cetur
404 3031 437 3095 in
455 3031 560 3109 nobis,
579 3040 616 3095 ut
639 3032 749 3114 quiin
770 3030 973 3116 baptismate
995 3031 1064 3095 eius
1085 3031 1327 3097 sanctificamur
1348 3031 1382 3095 in

288 3154 330 3199 eo
339 3130 365 3174 ¹²
379 3135 470 3218 quod
485 3155 557 3201 esse
571 3134 740 3219 coepimus
750 3132 777 3174 ¹⁸
793 3154 1038 3218 perseveremus
1046 3133 1083 3201 ¹⁰.

334 3271 537 3336 onuumr
554 3284 716 3338 REGNUM
732 3285 854 3338 suum.

333 3384 428 3449 Deus
449 3404 594 3468 namque
615 3392 728 3449 noster
745 3385 966 3467 quando-non
989 3393 1106 3467 regnat
1121 3383 1270 3448 maxime
1291 3383 1383 3449 cuius

288 3507 428 3571 regnum
443 3496 493 3551 est
508 3487 719 3553 immortale?
752 3486 820 3552 Sed
832 3506 935 3570 quum
946 3487 1096 3564 dicimus,
1106 3486 1229 3551 Veniat
1244 3506 1383 3570 regnum

288 3601 394 3672 tuum,
408 3600 558 3656 nostrum
574 3611 712 3676 regnum
731 3591 875 3675 petimus
888 3591 1053 3666 advenire,
1068 3611 1089 3655 a
1104 3590 1179 3655 Deo
1199 3591 1294 3656 nobis
1309 3609 1385 3674 pro·

254 3743 262 3755 .
289 3694 434 3774 missum,
450 3693 573 3760 Christi
584 3693 745 3778 sanguine
759 3703 793 3759 et
808 3693 997 3778 passioneio
1015 3694 1212 3778 quaesitum.

332 3833 427 3897 Fms
441 3844 640 3898 vouuusns
656 3845 742 3898 run.

333 3942 373 4007 Id
393 3952 454 4023 est,
468 3944 502 4007 in
521 3940 598 4006 eoi¹
618 3942 678 4008 fiat
697 3942 850 4009 voluntas
868 3951 936 4023 tua,
950 3952 989 4010 ut
1007 3943 1096 4027 quod
1115 3953 1153 4008 tu
1170 3940 1220 4007 vis
1239 3941 1272 4006 in
1292 3939 1384 4008 caelo

288 4046 352 4111 hoc
367 4067 427 4111 nos
442 4047 476 4112 in
491 4056 577 4114 terra
591 4047 691 4131 positi
706 4047 1033 4132 irreprehensibiliter
1046 4048 1211 4113 iaciamus.

332 4184 468 4249 PANEM
485 4195 667 4251 uosrnuu
683 4196 959 4262 Quormmuuu
975 4198 1027 4250 oa
1041 4197 1149 4250 uoms
1167 4196 1297 4249 soom.

333 4295 400 4360 Hic
414 4294 596 4379 spiritalem
607 4296 719 4361 cibum
735 4295 919 4380 intelligere
933 4296 1100 4362 debemus.
1135 4295 1283 4362 Christus
1295 4295 1384 4359 enim

289 4399 385 4482 panis
412 4408 463 4464 est
485 4408 606 4479 noster,
632 4399 689 4482 qui
711 4400 808 4478 dixit,
831 4399 907 4482 Ego
929 4421 1002 4464 sum
1022 4400 1117 4485 panis
1140 4399 1242 4478 vivus,
1265 4398 1322 4482 qui
1342 4400 1384 4466 de

289 4501 382 4568 caelo
405 4502 571 4568 descendi.
622 4502 733 4587 Quem
763 4503 994 4587 quotidianum
1024 4504 1173 4580 dicimus,
1199 4503 1314 4586 quod·
1338 4501 1384 4566 ita
1398 4509 1456 4566 545

289 4627 351 4672 nos
379 4626 509 4690 semper
539 4607 784 4672 immunitatem
817 4618 929 4690 petere
959 4604 1152 4674 debemus22
1180 4605 1317 4690 peccati,
1347 4613 1384 4670 ut

289 4710 380 4796 digni
396 4711 498 4778 simus
511 4712 709 4780 caelestibus
724 4710 899 4778 alimentis.
