3352 5828
228 768 250 820 l.
260 769 365 836 xxxix]
537 774 751 832 ROMANAE
771 773 1015 834 ECCLESIAE.
1280 766 1323 850 65

228 937 418 1023 integritate
440 937 622 1006 deviarat²²
647 943 826 1026 peccando,
848 942 1068 1008 admissorum
1090 941 1222 1008 veniam
1245 959 1323 1008 con·

227 1044 407 1127 sequendo,
422 1045 578 1110 reddatur
592 1045 758 1110 innoxius.
804 1046 867 1110 Per
883 1044 1079 1111 Dominum.
1093 1071 1115 1128 γ

272 1162 367 1229 Deus
395 1164 531 1231 humani
559 1165 688 1250 generis
716 1164 871 1232 eonditor
899 1173 934 1231 et
962 1164 1195 1250 benignissime
1222 1165 1324 1231 refor·
1349 1176 1376 1228 S.

229 1265 382 1350 mator¹³,
411 1269 468 1352 qui
501 1268 669 1335 hominem
701 1269 825 1336 invidia
853 1267 978 1335 diaboli
1012 1270 1057 1334 ab
1092 1265 1325 1335 aetemitate²⁴
1351 1242 1477 1306 GM*

228 1371 395 1438 delectum
411 1372 497 1437 unici
512 1372 588 1438 Filii
598 1371 627 1414 ²⁸
641 1371 690 1439 tui
705 1372 866 1457 sanguine
877 1370 1055 1450 redemisti,
1070 1371 1201 1436 vivifica
1213 1372 1325 1455 itaque

229 1473 369 1558 quem”
393 1475 454 1540 tibi
479 1473 663 1541 nullatenus
686 1476 770 1542 mori
794 1475 971 1553 desideras,
997 1483 1031 1541 et
1056 1474 1114 1558 qui
1139 1495 1206 1540 non
1232 1476 1327 1541 dere·

228 1577 351 1661 linquis
364 1579 495 1645 devium
507 1576 544 1654 ²¹,
559 1599 692 1646 assume
710 1588 893 1646 correctum
904 1575 940 1643 ²⁸.
984 1579 1145 1644 Moveant
1165 1580 1325 1663 pietatem

229 1692 332 1759 tuam,
346 1702 553 1767 quaesumus,
568 1683 723 1762 Domine,
736 1683 834 1750 huius
856 1683 971 1748 famuli
993 1684 1042 1747 tui
1060 1682 1234 1749 lacrimosa
1256 1703 1327 1748 sus·

229 1785 321 1871 piria.
365 1785 418 1853 Tu
447 1787 518 1853 eius
548 1789 682 1854 medere
710 1786 910 1854 vulneribus.
953 1786 1008 1852 Tu
1037 1786 1156 1854 iacenti
1189 1807 1326 1852 manum

229 1890 360 1975 porrige
380 1890 566 1971 salutarem,
582 1911 623 1958 ne
641 1891 779 1959 ecclesia
798 1899 855 1957 tua
873 1890 984 1975 aliqua
1007 1890 1057 1956 sui
1080 1892 1228 1976 corporis
1248 1912 1326 1975 por·

228 1994 320 2061 tione
341 2003 497 2073 vastetur,
514 2015 556 2061 ne
578 2015 663 2082 grex
684 2003 761 2061 tuus
781 1996 1016 2062 detrimentum
1037 1995 1207 2073 sustineat,
1223 2015 1266 2060 ne
1284 1995 1328 2062 de

229 2097 372 2164 familiae
393 2107 471 2164 tuae
492 2099 617 2165 damno
639 2100 787 2166 inimicus
810 2099 949 2177 exultet,
966 2119 1009 2163 ne
1026 2106 1175 2164 renatum
1196 2098 1328 2165 lavacro

231 2201 364 2267 salutmi
379 2222 468 2268 mors
483 2202 628 2269 oecunda
650 2204 830 2288 possideat.
874 2202 952 2267 Tibi
971 2221 1059 2286 ergo,
1077 2201 1231 2281 Domine,
1247 2222 1328 2288 sup·

159 2302 333 2391 suplices
349 2336 360 2362 ι
376 2303 537 2391 precesffl,
556 2307 619 2375 tibi
640 2306 754 2374 fletum
777 2307 884 2373 cordis
905 2305 1114 2371 effundimus
1158 2306 1212 2370 Tu
1230 2325 1329 2391 parce

232 2408 401 2477 confitenti
416 2418 454 2476 ut
477 2411 510 2475 in
531 2410 742 2478 imminentes
764 2431 888 2496 poenas
907 2409 1209 2494 sententiamque³⁰
1230 2410 1330 2477 futuri

233 2513 354 2594 iudIcil,
375 2523 411 2580 te
433 2514 619 2595 miserante,
635 2535 701 2581 non
723 2514 857 2580 incidat.
904 2514 1038 2580 Nesciat
1060 2514 1151 2598 quod
1174 2515 1330 2584 terretis

233 2616 385 2696 tenebris,
407 2618 496 2703 quod
517 2619 635 2685 stridet
659 2619 691 2684 in
714 2618 867 2695 flammis,
888 2630 989 2703 atque
1009 2617 1053 2683 ab
1075 2618 1192 2684 erroris
1213 2619 1268 2686 via
1287 2618 1330 2685 ad

234 2720 297 2786 iter
318 2741 467 2789 reversus
489 2721 633 2789 iustitiae
655 2742 861 2808 nequaquam
885 2721 971 2788 ultra
993 2719 1120 2788 novis⁸¹
1143 2722 1332 2788 vulneribus

234 2825 406 2905 saucietur,
432 2826 491 2893 sed
515 2826 681 2910 integrum
705 2827 748 2891 sit
771 2827 802 2891 ei
826 2834 927 2910 atque
955 2836 1152 2911 perpetuum
1183 2836 1216 2891 et
1242 2828 1332 2911 quod

235 2929 343 3012 gratia
358 2939 417 2995 tua
431 2930 570 2996 contulit
588 2939 622 2997 et
636 2931 726 3015 quod
742 2929 965 2995 misericordia
979 2927 1178 2995 reformavit.
1210 2931 1282 2995 Per.
1298 2957 1319 3012 γ

433 3067 519 3132 Item
533 3067 582 3132 ad
591 3067 862 3134 reconciuundum
869 3067 1085 3150 poenitentem
1099 3065 1137 3131 θ’.

279 3168 503 3255 Omnipotens
517 3172 717 3255 sempiterne
732 3171 835 3248 Deus,
850 3170 1020 3235 confitenti
1041 3170 1102 3236 tibi
1117 3170 1194 3235 huic
1208 3170 1334 3237 famulo
1357 3181 1383 3233 s

236 3283 296 3338 tuo
317 3295 379 3358 pro
400 3285 458 3341 tua
480 3275 604 3359 pietate
627 3285 764 3359 peccata
786 3273 910 3348 relaxa,
926 3282 964 3338 ut
987 3293 1053 3339 non
1069 3274 1144 3358 plus
1161 3275 1191 3340 ei
1215 3285 1334 3342 noceat
1358 3246 1481 3310 ‘mm

236 3378 453 3444 eonscientiae
489 3387 599 3444 reatus
627 3378 670 3443 ad
703 3397 843 3462 poenam
877 3397 978 3460 quam
1015 3376 1220 3461 indulgentia
1254 3387 1333 3448 tuae

236 3479 367 3564 pietatis
381 3481 425 3547 ad
439 3481 578 3546 veniam.
623 3481 687 3545 Per
703 3480 895 3546 Dominum.

280 3600 499 3685 Omnipotens
521 3609 556 3667 et
576 3601 759 3667 misericors
781 3600 885 3680 Deus,
908 3600 966 3684 qui
990 3610 1201 3684 peccatorum
1224 3599 1332 3665 indul·
1357 3609 1384 3662 S.

237 3704 383 3787 gentiam
411 3704 444 3771 in
472 3703 713 3772 consessione⁸³
742 3704 838 3771 celeri
868 3704 1015 3788 posuisti,
1041 3724 1193 3770 succurre
1222 3704 1333 3790 lapsis,
1358 3675 1435 3727 ω’·
1448 3685 1487 3739 ⁷⁰·

238 3809 390 3882 miserere
411 3809 576 3888 confessis,
600 3818 638 3876 ut
661 3829 745 3892 quos
767 3807 964 3875 delictorum
989 3815 1106 3874 catena
1128 3807 1334 3894 constringit,

239 3912 432 3997 magnitudo
445 3921 522 3979 tuae
537 3912 670 3998 pietatis
685 3911 846 3979 absolvat.
891 3911 964 3977 Per.

282 4031 412 4099 Deus⁸⁴
432 4033 489 4118 qui
510 4032 739 4100 confitentium
763 4032 826 4098 tibi
857 4031 960 4098 corda
989 4030 1148 4118 purificas,
1174 4041 1209 4099 et
1237 4051 1334 4097 accu-
1358 4040 1386 4092 S.

239 4146 349 4203 santes
367 4159 402 4203 se
413 4137 440 4178 ³⁶
453 4136 668 4205 conscientias
678 4136 723 4203 ab
737 4136 829 4203 omni
838 4134 971 4203 vinculo
984 4135 1168 4220 iniquitatis
1181 4135 1336 4215 absolvis,
1359 4105 1436 4158 Μ
1449 4117 1489 4170 ⁷²·

239 4241 283 4307 da
305 4241 544 4326 indulgentiam
570 4242 643 4322 reis,
668 4251 703 4308 et
728 4241 927 4307 medicinam
956 4240 1064 4305 tribue
1087 4240 1277 4319 vulneratis,
1298 4247 1336 4306 ut

239 4352 396 4431 percepta
406 4343 433 4385 ³⁸
448 4345 636 4413 remissione
650 4345 798 4412 omnium
813 4353 1024 4430 peccatorum
1040 4344 1167 4410 sincera
1180 4342 1337 4428 deinceps

239 4448 418 4515 devotione
446 4459 667 4532 permaneant,
697 4458 731 4516 et
761 4449 888 4514 nullum
917 4447 1153 4532 redemptionis
1182 4455 1336 4513 aeternae

238 4553 422 4619 sustineant
436 4553 681 4620 detrimentum.
726 4554 799 4618 Per.

282 4673 431 4739 Domine
451 4682 573 4749 sancte,
588 4675 687 4740 Pater
708 4672 932 4757 omnipotens,
944 4680 1075 4736 aeterne
1098 4670 1200 4748 Deus,
1212 4669 1337 4754 respice
1361 4680 1387 4733 s

239 4797 338 4861 super
352 4776 440 4844 hunc
454 4777 613 4843 famulum
628 4787 723 4842 tuum
738 4777 796 4861 qui
811 4776 854 4841 ab
867 4774 986 4839 infesta
1002 4773 1122 4840 saeculi
1138 4783 1336 4857 tempestate
1362 4746 1438 4799 θεώ·
1451 4757 1492 4809 ⁷⁰·

240 4882 410 4948 demersus
421 4881 458 4958 ³⁷,
481 4882 579 4947 flebili
603 4881 837 4948 lamentatione
859 4900 937 4945 suos
960 4889 1092 4944 accusat
1113 4896 1277 4955 excessus,
1299 4886 1336 4942 ut

241 4985 337 5052 fletus
351 5006 391 5051 ac
406 4986 548 5070 gemitus
568 4987 638 5052 eius
658 4986 712 5069 pie
730 4984 899 5068 suscipias,
915 5004 1056 5067 eumque
1075 4983 1117 5047 de
1133 4981 1277 5047 tenebris
1292 4981 1336 5046 ad

241 5090 353 5156 lumen
376 5110 516 5171 revoces,
540 5100 573 5157 et
596 5089 759 5156 medelam
784 5087 966 5166 confitenti,
985 5087 1125 5153 salutem
1147 5085 1335 5167 poenitenti,

781 5206 802 5256 F
