3352 5828
363 386 429 461 354
793 373 1024 442 aspremont.

465 547 532 611 VD.
554 547 614 623 Qui
635 547 795 609 humanum
814 567 909 628 genus
929 548 966 609 de
988 546 1133 627 profundo

465 647 535 710 Tua
555 656 656 710 sancta
675 657 822 709 sumentes
842 667 871 729 q.
894 647 970 709 Due.
991 656 1024 709 ut
1042 648 1073 708 b.
1093 643 1210 730 Magni]

636 835 691 921 [xe
707 838 779 899 mr.
800 838 874 920 Sept.
895 837 968 901 ms.
989 838 1021 901 s.
1046 837 1189 902 sissia:

465 954 614 1015 Auxilium
635 939 717 1015 tuum
736 956 821 1017 nohis
841 954 917 1016 Dne.
938 974 967 1034 q.
988 955 1120 1035 placatus

448 1052 623 1113 *offerimus
643 1053 694 1113 tibi
714 1052 790 1114 Dne.
811 1071 989 1132 quaesumus
1010 1050 1076 1135 (sic)
1097 1071 1199 1131 preces

446 1150 532 1214 sVD.
553 1151 622 1213 Tibi
642 1152 721 1212 enim
741 1152 813 1214 festa
832 1152 1000 1214 solemnitas

467 1249 566 1311 Divini
586 1251 715 1311 muneris
734 1250 862 1330 largitate
882 1246 991 1334 satiati]

689 1434 777 1496 kleid.
798 1437 855 1496 xri}
867 1441 938 1514 post·
951 1434 1133 1496 Pentecortm.

467 1551 505 1614 O.
526 1569 550 1613 s.
571 1551 609 1611 D.
630 1568 683 1630 per
703 1569 791 1630 quem
811 1551 910 1631 coepit
929 1568 994 1612 esse
1014 1550 1095 1630 quod
1115 1568 1177 1611 non
1197 1559 1260 1611 erat

447 1650 503 1712 sO.
525 1660 554 1710 et
574 1669 614 1710 m.
635 1649 673 1709 D.
694 1650 731 1710 de
750 1649 832 1710 ouius
852 1667 972 1710 munere
992 1649 1071 1709 venit

466 1748 589 1809 Hostias
608 1765 638 1826 q.
658 1746 735 1810 Dne.
752 1747 924 1827 propitiatus
944 1747 1063 1808 intende

450 1846 535 1907 sVD.
556 1845 635 1921 Quis
655 1855 684 1906 tu
705 1847 735 1906 in
756 1855 855 1908 nostra
875 1864 992 1925 semper

465 1944 598 2006 Viviricet
617 1962 673 2006 nos
693 1964 721 2025 q.
742 1943 817 2005 Dne.
839 1943 925 2006 huius
945 1944 1128 2023 participatio

547 2130 584 2188 ix
603 2125 676 2188 Kal.
696 2125 771 2206 Sept.
792 2126 865 2189 Nat.
887 2126 919 2188 S.
941 2126 1156 2187 Bartholomaer'
1171 2125 1269 2204 Aperi.

465 2242 503 2305 O.
522 2261 546 2304 s.
566 2241 604 2302 D.
625 2242 674 2322 qui
695 2241 780 2302 huius
800 2242 859 2303 diei
878 2240 1074 2303 venerandam

446 2340 497 2400 sB.
518 2341 643 2420 apostoli
664 2341 704 2402 tui
725 2339 939 2402 Bartholomaei
959 2341 1042 2401 cuius

446 2438 532 2501 sVD.
553 2438 614 2514 Qui
634 2438 786 2500 ecclesiam
806 2447 887 2499 tuam
908 2439 1085 2517 sempiterna
1104 2439 1210 2518 pietste

466 2536 652 2616 sumpsimus
671 2536 747 2598 Dne.
766 2537 877 2616 pignus
895 2537 995 2598 salutis
1260 2535 1262 2540 ’

465 2634 590 2714 Protege
610 2634 686 2696 Dne.
706 2633 846 2714 populum
866 2644 949 2695 tuum
970 2643 999 2695 et
1018 2634 1218 2712 apostolorum

679 2805 725 2892 [a
741 2807 811 2869 mi.
833 2807 908 2888 Sept.
929 2807 1000 2870 Nat.
1017 2806 1050 2870 s.
1067 2809 1149 2889 Rufi.

468 2924 580 2986 Adesto
599 2924 677 2985 Dne.
697 2925 953 3003 supplicationibus
973 2925 1080 2985 nostris

470 3018 584 3079 Oblatis
603 3037 632 3097 q.
653 3018 730 3078 Due.
750 3017 864 3096 placare
884 3018 1053 3078 muneribus

470 3111 538 3171 VD.
560 3111 709 3184 Quoniam
731 3112 988 3190 supplicationibus

470 3210 649 3271 Caelestibus
669 3209 766 3271 reiecti
787 3210 976 3270 sacramentis
996 3220 1025 3269 et
1046 3205 1174 3292 gaudiis]

641 3380 674 3467 [v
697 3382 767 3443 ror.
788 3382 863 3462 Sept.
885 3383 957 3446 sm
979 3382 1012 3444 s.
1033 3383 1204 3447 Hermai

469 3499 641 3559 Intercessio
660 3497 737 3557 Dne.
758 3500 786 3559 b.
807 3497 956 3559 Hermetis

469 3592 595 3653 Munera
615 3603 715 3652 nostra
734 3590 810 3651 Dne.
831 3610 861 3671 q.
879 3593 1053 3672 propitiatus

467 3690 534 3751 VD.
555 3690 704 3765 Quoniam
724 3689 894 3751 fiducialiter

468 3789 583 3867 Repleti
602 3788 679 3849 Dne.
698 3788 899 3849 benedictione
919 3787 1051 3873 caelesti]

566 3935 573 3951 ⁶
690 3962 782 4023 Hebri.
802 3982 847 4023 xv
860 3971 930 4042 post
947 3964 1128 4025 Pentecosten.

467 4079 505 4142 Ο.
526 4099 550 4141 s.
572 4079 610 4139 D.
631 4080 669 4141 da
689 4079 861 4141 nobisfidei
883 4081 944 4158 spei
965 4091 994 4141 et
1015 4081 1137 4142 caritatis

469 4178 506 4240 0.
526 4197 550 4241 s.
571 4178 611 4239 D.
630 4179 678 4239 sac
698 4197 755 4239 nos
775 4179 826 4239 tibi
850 4197 968 4257 semper

449 4273 627 4352 *Propitiare
647 4272 723 4335 Dne.
743 4274 862 4352 populo
876 4284 927 4335 tuo

467 4370 536 4430 VD.
557 4370 617 4445 Qui
638 4391 694 4433 nos
714 4372 751 4433 de
772 4373 860 4432 donis

447 4469 593 4549 *Sumptis
613 4468 690 4529 Due.
710 4470 880 4548 caelestibus
900 4472 1090 4532 sacramentis

397 4641 407 4669 ¹
422 4643 454 4693 n.
465 4639 511 4692 aas
520 4643 579 4693 here
589 4658 607 4692 v
618 4638 720 4708 mni.
731 4626 849 4693 ‘rimisa
860 4643 1006 4707 augistini·
1015 4643 1101 4709 (cers.
1113 4661 1138 4711 p.
1153 4647 1218 4710 170).
1252 4643 1308 4696 me
1320 4643 1420 4698 conset
1435 4646 1466 4696 or

366 4707 409 4759 the
420 4707 501 4758 Missa
512 4708 534 4759 is
544 4717 588 4759 not
599 4717 623 4759 at
634 4709 682 4760 this
693 4708 762 4774 point
774 4708 800 4758 in
812 4709 888 4760 Gerb.
