3352 5828
288 416 331 485 34
572 404 701 462 usas
721 399 1108 462 succensurosuu
1270 398 1303 466 [1.
1315 398 1388 451 nvi.

772 671 900 728 xm.

659 818 805 886 Tenem
827 818 1032 884 Dommcn.

468 973 559 1056 Quae
565 983 630 1059 pre
642 971 814 1041 scrutiniis
826 971 995 1039 electorum
1008 969 1184 1037 celebratur
1192 966 1215 1035 ¹.

111 1132 144 1184 R·
335 1127 398 1209 Da,
427 1149 636 1214 quaesumus,
666 1127 820 1207 Domine,
849 1126 962 1194 electis
992 1109 1112 1192 nostris
1140 1119 1260 1209 digne²
1288 1130 1389 1209 atque

111 1196 188 1251 ⁶⁶¹*
202 1197 259 1265 ²⁴⁸·
292 1234 457 1320 sapienter
471 1234 515 1300 ad
531 1234 771 1301 confessionem
786 1242 865 1299 tuae
879 1231 988 1298 laudis
1001 1231 1167 1309 accedere,
1182 1237 1219 1294 ut
1233 1227 1388 1312 dignitati

292 1337 450 1423 pristinae
477 1359 579 1423 quam
614 1337 765 1423 originali
795 1334 1054 1421 transgressione
1083 1333 1302 1419 perdiderant,
1331 1352 1390 1418 per

292 1452 387 1509 tuam
407 1443 550 1529 gratiam
564 1440 794 1510 reformentur.
839 1440 912 1507 Per.

769 1613 916 1671 Secreta.

113 1731 146 1784 R
338 1723 510 1792 Miseratio
539 1735 608 1805 tua,
642 1725 746 1803 Deus,
774 1725 817 1790 ad
847 1723 931 1790 haec
963 1720 1209 1807 percipienda
1196 1719 1391 1805 mysteria
1405 1727 1463 1786 522

113 1798 190 1851 Gau
204 1797 259 1864 '⁴⁸‘
292 1828 433 1894 famulos
459 1839 536 1895 tuos
561 1849 770 1915 quaesumus,
795 1837 829 1893 et
852 1823 1070 1912 praeveniat⁸
1095 1834 1329 1912 competenter,
1357 1832 1392 1891 et

293 1933 414 1999 devota
428 1934 678 2000 conversatione
692 1932 861 2017 perducat.
906 1931 978 1997 Per

593 2102 690 2162 Intra
712 2104 892 2177 canonem,
909 2101 971 2161 ubl
992 2091 1102 2160 dloit⁴

113 2232 145 2284 te
336 2215 517 2296 Memento,
542 2216 697 2297 Domine,
723 2213 934 2296 famulorum,
954 2212 1219 2297 famularumque
1248 2220 1390 2290 tuarum,

113 2299 189 2350 ω’·
203 2297 258 2362 ²⁴⁸·
292 2319 350 2404 qui
371 2318 495 2385 electos
516 2326 592 2385 tuos
614 2318 796 2404 suscepturi
818 2327 898 2384 sunt
917 2317 961 2383 ad
984 2326 1131 2383 sanctam
1150 2316 1291 2402 gratiam
1309 2315 1391 2401 bap-

293 2422 383 2489 tismi
404 2423 473 2490 tui:
495 2432 530 2487 et
547 2424 697 2489 omnium
719 2422 1048 2488 circumadstantium
1058 2420 1082 2485 ⁶.
1124 2421 1178 2485 Et
1203 2428 1298 2485 taces.
1341 2419 1395 2483 Et

294 2525 497 2592 recitantur⁶
510 2525 647 2592 uomina
660 2527 811 2592 virorum
825 2522 877 2591 et⁷
892 2524 1075 2602 mulierum,
1086 2525 1144 2608 qui
1156 2526 1240 2608 ipses
1249 2522 1395 2608 infantes

295 2630 474 2714 suscepturi
485 2639 574 2696 stent.
609 2630 646 2694 E
648 2639 664 2694 t
678 2630 787 2696 intras
801 2628 953 2714 Quorum
968 2629 1029 2694 tibi
1045 2628 1127 2694 fides
1141 2627 1285 2713 cognita.

636 2800 727 2858 Item
746 2798 838 2857 intra
858 2791 1061 2857 sotionem⁸.

117 2927 148 2978 R
344 2911 442 2978 Hanc
464 2912 564 2997 igitur
585 2911 801 2992 oblationem,
825 2912 979 2991 Domine,
995 2920 1032 2977 ut
1053 2911 1217 2996 propitius
1237 2910 1396 2994 suscipias

117 2992 194 3045 w·
209 2991 265 3058 ²⁴⁸·
298 3016 533 3099 deprecamur:
556 3034 658 3098 quam
678 3015 740 3080 tibi
760 3014 929 3081 offerimus
942 3034 1003 3098 pro
1018 3013 1148 3080 famulis
1161 3023 1196 3078 et
1209 3012 1396 3079 famulabus

298 3117 375 3197 tuis,
401 3136 486 3201 quos
515 3116 581 3182 ad⁹
610 3127 783 3183 aeternam
805 3117 910 3184 vitam
940 3124 975 3182 et
997 3117 1134 3183 beatum
1161 3116 1289 3200 gratiae
1317 3124 1395 3181 tuae

299 3220 427 3285 donum
446 3240 617 3286 numerare
627 3218 666 3298 ¹⁰,
680 3220 801 3305 eligere
817 3230 918 3304 atque
931 3240 1050 3286 vocare
1069 3220 1224 3306 dignatus
1243 3240 1290 3285 es.
1334 3219 1397 3283 Per

301 3321 468 3389 Christum
478 3322 515 3387 ¹¹.

341 3427 378 3491 E
380 3437 396 3492 t
426 3428 605 3493 recitantur
639 3429 774 3494 neruiue
809 3426 986 3494 electorum.
1029 3430 1209 3512 Postquam
1240 3425 1397 3492 recensita

118 3556 151 3609 p„
290 3531 435 3615 fuerint,
462 3527 575 3596 dicis1²
632 3530 716 3612 Hos,
751 3531 905 3612 Domine,
938 3533 1030 3598 sonte
1065 3532 1266 3619 baptismate
1302 3529 1396 3595 inno·

119 3622 195 3677 ⁶³¹³·
208 3622 265 3689 Ζ43·
299 3636 436 3712 vandos,
466 3633 612 3720 Spiritus
643 3635 692 3701 tui
722 3655 857 3701 munere
881 3635 926 3701 ad
956 3644 1235 3703 sacramentorum
1264 3641 1397 3700 tuorum

300 3738 541 3824 plenitudinem
551 3735 579 3778 ¹⁸
594 3738 763 3823 poscimus
779 3739 975 3825 praeparari.
1020 3739 1082 3805 Per
1090 3737 1127 3805 ¹⁴.

724 3909 977 3969 Postoommuu

117 4027 219 4145 &ab
220 4093 261 4157 4⁸·
342 4020 482 4103 Adesto,
504 4022 651 4088 Domine
651 4042 887 4108 „quaesumus
906 4024 1143 4109 redemptionIs
1164 4022 1346 4104 effectibus,
1361 4033 1399 4089 ut

117 4108 273 4275 ,mgb-„J„
299 4145 382 4210 quos
411 4126 625 4193 sacramentis
656 4126 865 4193 aeternitatis
895 4127 1048 4207 instituis,
1078 4126 1212 4193 eosdem
1241 4137 1399 4212 protegas

117 4224 261 4291 ¹1¹¹¹⁸stffl
300 4230 475 4313 dignanter
489 4229 700 4316 aptandos
663 4229 691 4269 ¹⁶
746 4231 815 4297 Per.

719 4401 776 4459 Ad
797 4401 976 4472 Populum
1042 4454 1047 4465 ,

121 4527 153 4579 R.
346 4511 555 4597 Suppliciter,
578 4513 734 4596 Domine,
758 4536 852 4582 sacra
878 4514 1001 4582 familia
1023 4535 1142 4581 munus
1167 4524 1245 4582 tuae
1267 4515 1400 4582 misera·

121 4593 197 4645 ‘³⁹¹5‘
212 4595 267 4661 '⁴⁸‘
301 4616 401 4682 tionis
423 4627 580 4703 expectat
592 4639 601 4699 ;
628 4620 782 4696 concede,
806 4640 1014 4704 quaesumus,
1037 4637 1075 4686 ut
1097 4621 1187 4705 quod
1211 4629 1246 4687 te
1267 4619 1400 4686 iubente

302 4720 476 4803 desiderat,
490 4731 525 4788 te
540 4720 701 4806 largiente
715 4724 884 4809 percipiat
929 4725 1000 4790 Per.
