3352 5828
849 364 1079 421 APPENDIX.

733 524 776 610 [ia
789 526 835 590 Id.
850 527 918 590 Feb.
933 527 1005 590 Nat.
1020 526 1052 590 S.
1066 526 1200 590 Sotltm‘s.

519 644 638 707 Praesta
659 664 688 725 q.
709 663 737 707 o.
759 644 796 706 D.
815 656 848 707 ut
867 656 985 710 sanctae
1006 645 1135 709 Sotberis

519 744 624 806 Preces
644 754 756 806 nostras
776 763 804 825 q.
826 744 904 807 Dne.
924 746 1096 825 propitiatus

520 843 646 905 Sanctae
668 842 795 904 Sotheris
814 845 951 923 precibus
971 840 1166 928 confidentes]

593 1005 710 1093 [Eodem
724 1009 768 1069 die
780 1009 852 1072 Nat.
867 1008 926 1072 SS.
941 1009 1041 1084 Zota'cr'¹
1056 1010 1180 1070 Ha‘renei
1190 1016 1216 1069 et
1228 1007 1342 1069 Iacuisti.

521 1123 600 1185 Dne.
620 1123 658 1184 D.
678 1133 777 1186 noster
796 1123 958 1205 multiplica
978 1143 1066 1204 super
1088 1143 1144 1188 nos

523 1221 644 1301 Suscipe
664 1239 693 1300 q.
713 1221 789 1283 Dne.
808 1241 931 1284 munem
950 1224 1049 1303 populi
1069 1225 1110 1285 tui

504 1320 702 1382 *sacramenti
722 1321 763 1381 tui
783 1319 859 1383 Dne.
880 1340 911 1402 q.
931 1333 1048 1402 sumpta
1067 1318 1245 1406 benedictio]

705 1487 856 1549 Dominis
877 1487 991 1568 leaet
1004 1488 1217 1570 Theophanem.

505 1602 674 1665 *conserva
693 1603 833 1684 populum
853 1613 935 1665 tuum
955 1604 995 1665 D.
1013 1616 1043 1667 et
1062 1616 1114 1668 tuo
1133 1606 1245 1667 nomini

506 1701 642 1763 *Praesta
661 1721 691 1782 q.
712 1720 740 1764 o.
761 1701 800 1765 D.
819 1712 854 1764 ut
872 1721 988 1782 semper
1007 1704 1186 1768 rationabilis

520 1800 606 1862 Haec
625 1800 736 1862 oblatio
755 1799 794 1861 D.
815 1801 939 1862 mundet
959 1820 1015 1864 nos

504 1897 590 1962 ΝΒ.
610 1897 659 1959 Ad
679 1899 761 1960 cuius
779 1900 954 1961 immensam

524 1997 704 2059 Caelestibus
723 1996 799 2060 Dne.
820 2001 895 2077 pasti
916 1998 1024 2060 deliciis

523 2094 636 2157 Adesto
655 2094 733 2157 Dne.
752 2095 886 2157 fidelibus
905 2098 963 2157 tuis

243 2270 349 2338 Gerbp.
358 2285 397 2336 ²9·
444 2258 517 2346 [xvi
527 2262 599 2324 Kat
613 2261 708 2323 Mart.
720 2261 793 2324 Nat.
807 2261 864 2325 SS.
887 2262 1033 2336 Valentr'm',
1055 2262 1164 2336 Vsiale's,
1178 2262 1318 2349 Fr'lebulaf
1330 2269 1356 2323 et
1366 2259 1498 2323 Zenom’s.

524 2378 658 2439 Tuomm
678 2396 733 2439 nos
753 2377 828 2439 Dne.
849 2397 878 2458 q.
899 2380 1035 2459 precibus
1055 2389 1137 2441 tuere
1158 2390 1326 2441 sanctorum

506 2477 571 2537 *Ad
592 2485 750 2556 martyrum
770 2487 888 2537 tuorum
908 2476 1065 2553 Valentini,
1085 2478 1145 2539 ibt.
1166 2478 1199 2538 F.
1219 2489 1249 2539 et
1270 2479 1337 2540 Zen.

506 2575 646 2653 *Protege
666 2574 742 2637 Dne.
762 2576 879 2655 plebem
899 2585 980 2637 tuam
1000 2587 1029 2637 et
1049 2577 1081 2637 in
1100 2573 1264 2660 festivitate]

246 2750 320 2802 Gerb.
327 2766 352 2817 p.
360 2763 399 2817 ²9·
696 2737 765 2825 [xiv
778 2741 850 2802 Kal.
864 2742 960 2803 Mart.
973 2742 1046 2805 Nat.
1063 2742 1096 2804 S.
1109 2742 1250 2804 Iulianae.

528 2858 566 2921 O.
590 2875 613 2919 s.
633 2856 672 2918 D.
693 2857 742 2937 qui
763 2857 845 2936 eligis
865 2857 980 2918 infirma
1000 2858 1103 2918 mundi

528 2958 564 3016 In
587 2967 704 3018 sanctae
724 2967 807 3016 mart
828 2968 895 3016 tuae
916 2956 1045 3017 Iulianae
1293 3021 1295 3024 .

512 3055 667 3116 *Libentes
688 3053 765 3115 Dne.
784 3073 903 3115 mensae
922 3066 990 3116 tuae
1010 3057 1039 3116 b.
1060 3053 1210 3137 mysteria]

247 3232 325 3290 Gerb.
332 3248 358 3298 p.
362 3244 403 3294 30.
692 3223 749 3280 ortt
758 3220 829 3280 Kal.
842 3219 939 3280 Mart.
956 3219 1098 3282 cathedra
1112 3218 1145 3283 S.
1160 3221 1250 3281 Petn‘.

532 3336 613 3397 Deus
633 3336 683 3414 qui
703 3336 732 3395 b.
753 3337 888 3415 apostolo
907 3347 959 3396 tuo
979 3337 1066 3400 Petro

531 3433 680 3496 Ecclesiae
700 3445 767 3495 tune
787 3453 815 3513 q.
838 3433 916 3496 Dne.
937 3455 1038 3514 preces
1058 3448 1087 3498 et
1108 3438 1216 3499 hostias

514 3532 599 3593 eVD.
621 3530 667 3592 Te
688 3530 805 3592 laudare
825 3532 989 3594 mirabilem
1009 3536 1039 3594 in
1061 3538 1169 3597 sanctis

532 3630 681 3692 Laetifieet
700 3648 756 3692 nos
776 3629 852 3691 Dne.
872 3649 979 3692 munus
999 3633 1131 3694 oblatum

607 3793 699 3881 [Non.
713 3798 807 3859 Mart.
821 3799 895 3860 Nat.
909 3798 967 3861 SS.
982 3799 1136 3878 Perpetuus
1148 3809 1175 3861 et
1186 3801 1349 3864 Felicitatis.

532 3912 581 3975 Da
600 3915 686 3975 nobis
706 3913 782 3974 Dne.
801 3913 841 3974 D.
860 3925 960 3976 noster
980 3925 1147 3977 sanctorum
1167 3927 1323 3995 martynum
1343 3917 1455 3997 palmas

531 4012 655 4074 Intende
675 4011 752 4073 Dne.
772 4031 896 4073 munera
916 4032 945 4091 q.
966 4013 1103 4077 altaribus

531 4110 648 4173 Praesta
668 4112 753 4173 nobis
773 4111 850 4173 Dne.
870 4131 900 4192 q.
921 4110 1180 4196 intercedentibus]

250 4294 325 4345 Geth
673 4281 703 4339 sir
716 4278 762 4340 Id.
777 4278 871 4340 Mart.
886 4279 958 4340 Nat.
974 4278 1007 4340 S.
1025 4279 1163 4358 Gregorii
1172 4281 1277 4358 Papae.

250 4375 293 4426 pp.
307 4373 394 4424 Μ’
531 4395 670 4456 Concede
690 4413 719 4472 q.
739 4393 815 4454 Dne.
836 4394 969 4454 fidelibus
988 4396 1044 4455 tuis
1064 4396 1151 4472 digne
1173 4396 1201 4455 S.
1222 4395 1357 4475 Gregorii

532 4494 598 4554 Has
618 4494 727 4555 hostias
747 4492 823 4554 Dne.
844 4511 920 4572 quas
940 4494 1051 4554 nomini
1071 4504 1123 4555 tuo

514 4593 600 4653 *VD
620 4592 699 4666 Quia
719 4593 760 4653 sic
780 4593 882 4653 tribuis
901 4592 1054 4654 ecclesiam
1074 4604 1153 4654 tuam

533 4691 683 4752 Praestent
702 4690 778 4752 Dne.
799 4709 827 4769 q.
849 4702 899 4753 tua
920 4702 1021 4752 sancta
1042 4693 1217 4771 praesidium
