3352 5828
774 384 1004 442 APPENDIX.

725 550 779 611 Aa
789 549 821 613 S.
833 550 1019 611 Anastasehm
1030 550 1049 610 ¹.

441 659 491 722 Da
510 679 539 740 q.
560 678 587 722 o.
607 657 646 719 D.
666 669 699 719 ut
719 658 770 739 qui
790 659 820 720 b.
840 658 1013 719 Anastasiae

441 759 553 839 Accipe
573 776 603 837 q.
623 757 699 820 Dne.
719 776 843 819 munera
862 757 1016 838 dignanter
1035 757 1132 820 oblata
1145 768 1174 820 et
1193 760 1221 819 b.
1241 760 1345 821 Anast.

440 858 508 919 VD.
529 857 590 933 Qui
609 868 642 919 ut
662 856 700 919 de
720 857 805 919 hoste
821 869 829 918 t

442 957 556 1018 Satiasti
576 957 653 1018 Dae.
674 955 814 1016 hmiham
835 967 916 1017 nram

158 1127 236 1180 Geth.
576 1122 951 1185 ItemdeNatolv'Domtiu‘.
992 1121 1083 1183 Mane
1090 1124 1199 1202 pruina

158 1209 202 1260 ¹²¹³·
212 1208 238 1259 ⁴·
246 1209 271 1262 ⁵·
443 1239 492 1302 oa
511 1237 609 1320 (noun
631 1237 681 1318 n.)
702 1259 731 1320 q.
752 1256 780 1301 0.
802 1237 840 1299 n.
860 1248 893 1300 ut
913 1239 964 1317 qur
984 1257 1060 1300 nova

443 1339 558 1400 Cuncta
577 1337 654 1398 Dne.
675 1356 705 1417 q.
725 1336 771 1398 his
791 1337 959 1411 muneribus

444 1437 512 1499 VD.
532 1455 561 1516 p.
582 1436 620 1496 X.
656 1435 735 1510 Quia
755 1436 847 1497 nostri
869 1434 1022 1498 Salvatoris

426 1536 541 1598 *Huius
575 1535 651 1596 Due.
687 1535 860 1597 sacramenti
893 1553 1008 1615 semper
1048 1533 1200 1618 natalis(?)
1239 1533 1440 1618 (sacramema

505 1653 621 1714 semper
640 1632 770 1695 natalaes
791 1630 842 1713 R.)

445 1731 590 1812 Populum
611 1742 694 1793 tuum
714 1732 791 1794 Dne.
811 1751 840 1812 q.
861 1741 997 1793 tueantur
1105 1781 1111 1790 .

492 1906 532 1968 In
545 1905 655 1968 Natali
664 1905 788 1967 Domaiu‘
796 1907 838 1966 ad
848 1905 888 1969 S.
894 1907 1013 1968 Petrum
1028 1905 1078 1990 (R.
1091 1907 1165 1969 adds
1178 1912 1210 1969 ἐπ
1222 1907 1285 1990 ai‘e)

425 2021 637 2102 eOmuipotens
657 2040 681 2082 s.
703 2020 741 2081 D.
760 2021 811 2102 qui
830 2022 910 2083 hunc
929 2021 1007 2084 diem
1027 2041 1080 2102 per
1099 2023 1328 2087 incarnationem

444 2120 583 2183 Concede
602 2138 632 2199 q.
649 2138 678 2182 o.
700 2119 738 2182 D.
758 2130 790 2182 ut
810 2139 866 2182 nos
885 2119 1036 2200 Unigeniti
1057 2122 1098 2182 tui

444 2219 564 2281 Oblatio
584 2219 634 2279 tibi
655 2219 691 2279 sit
711 2218 788 2281 Dne.
808 2237 838 2298 q.
858 2219 1017 2282 hodiernae

443 2317 511 2378 VD.
531 2317 616 2378 Tuae
636 2317 729 2379 laudis
749 2318 875 2380 hostiam

443 2416 702 2479 Communicantes
721 2415 767 2497 (at
783 2415 885 2500 surpra)

442 2513 525 2576 Laeti
545 2513 621 2575 Due.
640 2513 854 2595 frequentamus
873 2516 982 2593 salutis=

443 2612 562 2674 Praesta
582 2632 611 2693 q.
632 2633 660 2675 o.
682 2613 720 2674 D.
741 2625 773 2675 ut
792 2626 877 2677 natus
896 2616 983 2678 hodie

622 2790 710 2851 ntus
722 2794 858 2874 aarum
871 2790 1024 2853 ammas
1033 2792 1159 2854 mmet:

443 2905 555 2968 Adesto
575 2905 651 2967 Dne.
677 2906 934 2986 supplicationibus
959 2909 1064 2969 nostris

444 3002 564 3082 Largire
584 3023 612 3082 q.
633 3006 710 3067 Dne.
731 3005 845 3066 famulis
864 3006 922 3066 tuis
942 3005 1010 3065 fidei

446 3097 496 3184 [D.
517 3102 568 3179 qui
587 3105 699 3182 populo
719 3113 771 3164 tuo
790 3103 877 3181 plene
896 3098 1074 3185 praestitisti]

426 3199 480 3259 eD.
501 3201 550 3277 qui
570 3200 716 3262 humanae
737 3201 915 3262 substantiae

444 3297 641 3376 Omnipotens
661 3317 684 3359 s.
705 3298 743 3360 D.
764 3309 878 3360 creator
897 3299 1044 3359 humanae

443 3394 525 3457 Deus
545 3397 595 3474 qui
615 3398 769 3459 nativitatis
790 3408 857 3458 tuae
877 3398 1031 3458 exordium

443 3493 525 3556 Deus
544 3497 594 3572 qui
615 3515 668 3574 per
687 3496 716 3556 b.
737 3496 867 3576 Virginis
888 3507 1003 3575 partum

443 3591 583 3655 Concede
603 3595 689 3655 nobis
709 3614 737 3656 o.
758 3593 797 3656 D.
817 3604 849 3655 ut
870 3594 993 3654 salutare

443 3689 481 3752 Ο.
501 3709 524 3750 s.
544 3690 581 3750 D.
602 3692 654 3770 qui
674 3692 706 3752 in
726 3691 790 3752 Filii
811 3693 851 3752 tui
872 3691 942 3753 Dni.
964 3693 1056 3753 nostri
1076 3694 1221 3754 nativitate

443 3787 491 3849 Da
510 3809 538 3868 q.
559 3788 637 3852 Dne.
657 3791 769 3871 populo
789 3801 839 3852 tuo
859 3791 1053 3853 inviolabilem

616 3975 662 4033 vii
670 3972 741 4034 Καὶ
756 3971 822 4033 Ian.
847 3971 953 4034 Natat
966 3972 998 4034 S.
1014 3972 1155 4052 Stephani

445 4087 492 4148 Da
513 4090 598 4151 nobis
617 4109 647 4168 q.
668 4089 745 4151 Due.
767 4090 870 4151 imitari
891 4091 971 4169 quod
992 4091 1115 4152 colimus

426 4185 481 4248 eo.
503 4205 525 4247 s.
546 4186 584 4247 D.
605 4189 655 4267 qui
676 4188 818 4267 primitias
838 4198 995 4266 martyrum

446 4284 538 4346 Grata
558 4287 609 4346 tibi
631 4287 688 4346 sint
710 4286 785 4346 Dne.
806 4305 930 4348 munera
950 4306 978 4365 q.
1001 4287 1161 4348 devotionis

446 4383 512 4442 VD.
530 4383 613 4444 Beati
635 4384 776 4463 Stephani
796 4384 913 4444 Levitae

444 4481 625 4542 huxilientur
645 4482 729 4543 nobis
751 4481 826 4542 Dne.
846 4492 963 4560 sumpta
984 4482 1116 4561 mysteria

428 4578 550 4642 *Beatus
571 4590 678 4661 martyr
700 4580 863 4659 Stephanus
885 4569 961 4641 Dhe.
983 4601 1011 4661 q.
1034 4599 1087 4660 pro
1109 4580 1239 4642 fidelibus

682 4710 690 4738 ¹
708 4713 739 4761 R.
750 4712 795 4763 has
806 4705 878 4762 Nati.
890 4712 934 4762 Sc?
944 4711 1097 4763 Anastasahe.
