3352 5828
306 758 329 810 1.
341 758 426 827 lun]
616 758 829 817 ROMANAE
850 759 1094 819 ECCLESIAE.
1338 767 1398 836 117

347 923 384 989 E
386 933 402 988 t
416 943 516 1008 mmm
530 924 719 1008 interrogas,
730 934 792 1007 per
808 922 959 1007 singalas
978 924 1062 990 nrbes
1076 923 1197 1007 mergis
1210 944 1285 990 eum
1305 923 1401 990 tertio

304 1029 341 1094 in
355 1049 441 1112 aqua
452 1025 491 1092 ¹¹.
532 1028 660 1107 Postea,
670 1048 769 1112 quum
783 1027 964 1094 ascenderit
976 1048 999 1093 a
1003 1029 1110 1112 sonu,
1121 1027 1236 1112 infans
1247 1025 1402 1112 meur

304 1151 328 1197 a
340 1131 521 1215 presbytero
535 1131 570 1198 in
583 1131 708 1198 cerebro
714 1129 742 1172 ¹⁸
754 1131 795 1196 de
808 1130 990 1210 chrismate,
1004 1130 1058 1197 iis
1072 1130 1197 1198 verbis:

349 1253 442 1319 Deus
463 1252 683 1338 omnipotens,
699 1253 797 1317 Pater
818 1253 955 1318 Domini
977 1253 1082 1319 nostri
1101 1252 1176 1318 Iesu
1196 1249 1329 1332 Christi,
1342 1252 1402 1336 qui
1435 1311 1439 1322 .

305 1365 341 1421 te
355 1357 560 1440 regeneravit
575 1378 619 1422 ex
630 1365 765 1441 aquaet
781 1355 907 1440 Spiritu
921 1353 1082 1435 sancto¹⁴‚
1093 1355 1216 1441 quique
1231 1355 1326 1422 dedit
1340 1354 1402 1420 tibi

305 1459 531 1526 remissionem
547 1459 694 1526 omnium
709 1468 929 1543 peccatorum,
945 1459 1016 1544 ipse
1028 1469 1065 1526 te
1079 1459 1175 1526 liniat
1183 1457 1211 1499 ¹⁶
1225 1458 1403 1526 chrismate

306 1561 423 1630 salutis
436 1564 470 1629 in
487 1563 620 1630 Christo
637 1564 712 1629 Iesu
728 1563 761 1628 in
779 1562 884 1630 vitam
898 1572 1065 1630 aeternam
1074 1561 1112 1627 ¹⁸.
1134 1590 1156 1647 γ
1276 1624 1281 1635 ,

350 1668 446 1753 Resp.
468 1668 589 1734 Amen

348 1788 475 1865 Postea,
501 1788 535 1856 si
549 1789 664 1874 suerit
681 1788 798 1869 oblata,
820 1787 963 1875 agam
985 1799 1064 1856 sunt
1085 1787 1250 1864 missurn,
1267 1799 1301 1854 et
1318 1810 1402 1856 com·

306 1891 511 1970 mannan&
531 1895 583 1959 sin
599 1903 719 1971 auum,
738 1893 834 1961 dabis
853 1894 886 1960 ei
903 1903 1030 1960 tantum
1043 1901 1249 1960 sacramenta
1262 1894 1404 1978 corporis

304 2005 339 2061 et
350 1995 523 2081 sanguinis
540 1996 677 2076 Christi,
693 1997 825 2064 dnm:

349 2106 479 2193 Corpus
509 2109 647 2175 Domini
677 2110 780 2176 nostri
812 2111 889 2176 Iesu
920 2108 1044 2176 Christi
1069 2110 1114 2176 sit
1142 2110 1205 2176 tibi
1236 2109 1270 2174 in
1298 2109 1403 2176 vitam

304 2220 473 2279 aeternam
483 2211 520 2278 ¹⁰.

351 2322 510 2392 Ετιὶιιε20
523 2326 556 2392 ei
566 2327 745 2392 orationem
759 2326 810 2393 ita
821 2325 951 2392 dr'cens:

352 2437 576 2523 Omnipotens
601 2438 799 2524 sempiterne
822 2439 924 2512 Deus,
942 2439 1000 2523 qui
1022 2437 1220 2522 regenerasti
1242 2436 1403 2503 famulum

308 2550 403 2607 tuum
427 2561 472 2606 ex
487 2562 575 2625 aqua
599 2550 634 2607 et
658 2541 784 2626 Spiritu
803 2552 928 2620 sancto,
950 2542 1072 2627 quique
1094 2540 1215 2608 dedisti
1235 2539 1265 2607 ei
1292 2540 1404 2606 remis·

309 2644 437 2711 sionem
453 2645 601 2711 omnium
616 2655 837 2729 peccatorum,
851 2645 958 2711 tribue
972 2645 1002 2710 ei
1021 2644 1211 2710 continuam
1227 2644 1403 2711 sanitatem

310 2748 354 2814 ad
369 2750 613 2834 agnoscendam
629 2748 764 2816 unitatis
782 2758 858 2815 tuae
869 2745 894 2788 ²¹
913 2748 1094 2814 veritatem.
1139 2749 1202 2813 Per
1221 2748 1404 2813 Dominum

311 2861 467 2917 nostrum.

354 2961 609 3047 Omnipotens*
642 2974 677 3030 et
708 2964 890 3030 misericors
926 2963 1027 3038 Deus,
1064 2961 1272 3029 maiestatem
1309 2971 1402 3026 tuam

310 3065 475 3152 supplices
503 3070 726 3152 deprecamur,
751 3076 789 3132 ut
811 3065 970 3133 famulum
993 3075 1089 3131 tuum
1113 3053 1256 3150 digneris
1280 3065 1404 3130 serenis

310 3170 498 3254 aspectibus
527 3169 783 3255 praesentari²⁸r
814 3180 849 3236 et
874 3170 926 3234 cui
949 3169 1080 3235 donasti
1109 3168 1267 3252 baptismi
1296 3188 1431 3242 sacras

310 3282 469 3353 mentum,
498 3273 693 3359 longaevam
729 3273 856 3339 tribuas
890 3272 1077 3338 sanitatem.
1123 3272 1186 3336 Per
1217 3271 1403 3336 Dominum

310 3385 467 3441 nostrum.

350 3487 478 3554 Deinde
492 3485 913 3573 cmgnanrabepiscopo,
928 3483 1172 3552 inkrssrverbir:
1429 3488 1536 3546 Ciuis

352 3600 445 3666 Deus
467 3601 688 3684 omnipotens,
703 3600 800 3664 Pater
823 3597 959 3663 Domini
981 3598 1085 3663 nostri
1110 3596 1185 3661 Iesu
1202 3594 1332 3675 Christi,
1346 3595 1403 3679 qui
1429 3569 1515 3628 '‘p‘'

308 3703 507 3789 regenerasti
519 3703 680 3769 famulum
693 3713 787 3769 tuum
799 3722 844 3766 ex
855 3720 942 3784 aqua
957 3709 992 3765 et
1006 3699 1134 3784 Spiritu
1145 3709 1270 3779 sancto,
1281 3699 1405 3784 quique

310 3807 431 3873 dedisti
455 3807 486 3872 ei
508 3808 733 3872 remissionem
760 3804 908 3871 omnium
933 3813 1153 3889 peecatorum,
1178 3811 1226 3880 tu,
1250 3801 1405 3881 Domine,

237 3925 297 3982 697
310 3907 459 3975 emitteu
484 3911 518 3975 in
541 3930 618 3975 eum
640 3909 801 3996 Spiritum
819 3940 831 3964 ·
849 3918 1000 3974 sanctum
1019 3917 1115 3973 tuum
1142 3904 1351 3985 Paraclitum,
1370 3915 1405 3970 et

310 4015 355 4078 da
370 4014 399 4078 ei
420 4014 572 4098 spiritum
587 4014 769 4098 sapientiae
788 4023 823 4078 et
843 4010 1038 4087 intellectus,
1054 4010 1207 4095 spiritum
1222 4009 1348 4075 consilii
1370 4018 1405 4074 et

311 4115 519 4197 fortitudinis,
546 4119 696 4204 spiritum
725 4117 883 4183 scientiae
912 4125 946 4181 et
976 4115 1129 4200 pietatis3
1160 4111 1306 4199 adimple
1328 4133 1405 4178 eum

310 4221 497 4304 spiritum²⁶
517 4223 643 4287 timoris
657 4221 722 4287 Dei
742 4232 777 4288 et
793 4220 929 4287 Domini
938 4219 966 4258 ²⁸
988 4218 1089 4284 nostri
1113 4218 1188 4283 Iesu
1205 4216 1326 4283 Christi
1340 4241 1349 4294 ;
1372 4227 1406 4282 et

312 4325 390 4391 iube
414 4346 489 4391 eum
512 4326 696 4412 consignari
722 4321 889 4411 signum²⁷
916 4323 1020 4388 crucis
1042 4323 1076 4387 in
1100 4320 1203 4386 vitam
1226 4328 1406 4385 aeternam.

312 4430 376 4494 Per
389 4430 530 4495 eundem
547 4430 729 4494 Dominum
751 4438 901 4494 nostrum
924 4428 1034 4492 Iesum
1050 4424 1230 4503 Christum,
1244 4443 1319 4489 cum
1340 4444 1406 4507 quo

310 4533 394 4598 vivis
409 4542 443 4597 et
457 4554 573 4618 regnas
587 4533 620 4598 in
635 4535 760 4599 unitate
775 4531 920 4615 Spiritus
933 4530 1049 4597 sancti.
1070 4555 1092 4612 γ

356 4645 474 4709 Postea
488 4646 600 4728 signas
611 4666 684 4710 eum
699 4645 734 4710 in
740 4646 857 4728 fronte
871 4641 912 4707 de
924 4641 1109 4718 chrismate,
1126 4639 1256 4705 dr’cens:

357 4755 498 4841 Signum
516 4756 636 4823 Christi
654 4759 687 4822 in
702 4756 806 4822 vitam
820 4764 997 4820 aeternam
1319 4739 1323 4746 ’

354 4859 451 4944 Resp.
473 4860 596 4925 Amen.

357 4972 430 5038 Pax
446 4982 566 5039 tecum.

355 5075 450 5161 Resp.
473 5078 520 5142 Et
535 5096 610 5142 cum
625 5077 741 5162 spiritu
755 5086 826 5142 tuo.
