3352 5828
242 371 306 445 370
503 389 506 396 ,
676 365 904 423 annerum

241 529 351 592 Bened.
365 530 474 591 arboris
476 573 964 592 .......
1004 527 1108 611 (Gerb.
1121 547 1151 608 p.
1166 526 1247 609 308.)

242 628 350 691 Bened.
364 630 401 691 ad
414 630 583 708 omniaque
596 629 728 690 volueris.
777 673 786 688 .
868 673 876 689 .
959 671 967 686 .

242 727 352 790 Bened.
366 727 458 808 panis.
508 772 515 789 .
599 772 606 788 .

242 825 415 889 Benedictio
428 826 513 887 vini..
597 870 604 887 .
686 871 694 888 .
775 873 784 888 .
868 870 877 885 .
957 869 966 884 .
1097 871 1110 900 ,

241 924 350 986 Bened.
365 925 432 985 salis
434 966 965 986 .......
1101 969 1118 996 ,,

241 1024 317 1085 Item
331 1023 366 1084 al.
381 1023 419 1084 ad
433 1023 499 1085 salis
513 1021 586 1084 Ben.
684 1069 691 1083 .
774 1065 782 1080 .
864 1066 873 1081 .
956 1064 966 1084 .
1008 1018 1111 1101 (Gerb.
1126 1041 1155 1101 p.
1170 1018 1252 1100 309.)

240 1119 323 1184 Orat
338 1122 368 1180 iu
381 1121 471 1182 domo
486 1121 696 1181 infirmorum..
781 1164 787 1179 .
870 1161 896 1178 ..
962 1163 969 1178 .
1011 1117 1114 1200 (Gerb.
1127 1138 1176 1199 pp
1194 1137 1262 1197 309,
1278 1115 1336 1198 ro.)

241 1218 345 1281 Oratio
360 1238 447 1298 super
460 1219 575 1280 infirmo
589 1219 619 1280 in
633 1219 732 1280 domo.
775 1263 783 1279 .
867 1260 875 1278 .
958 1261 966 1279 .
1007 1218 1111 1298 (Gerb.
1127 1238 1156 1298 p.
1173 1215 1256 1300 310.)

242 1316 325 1378 Orat.
339 1318 378 1379 ad
392 1317 485 1378 Missa
498 1336 552 1396 pro
566 1317 694 1378 iufirmo.
775 1360 783 1376 .
866 1359 874 1375 .
956 1359 965 1375 .
1103 1362 1110 1376 .
1147 1362 1154 1376 .
1228 1363 1237 1390 ,

1065 1413 1184 1476 Roman
1197 1414 1287 1496 type.)

244 1513 326 1576 Orat.
340 1532 394 1593 pro
408 1514 518 1576 reddita
531 1514 693 1575 sanitate.
775 1555 783 1572 .
866 1557 875 1574 .
957 1556 965 1572 .
1007 1511 1110 1593 (Gerb.
1126 1532 1155 1592 p.
1174 1510 1256 1594 31².)

244 1611 337 1673 Missa
351 1631 404 1692 pro
417 1611 508 1673 salute
521 1612 694 1674 vivorum..
780 1655 787 1671 .
869 1654 878 1670 .
962 1655 969 1672 .
1011 1610 1115 1692 (Gerb.
1128 1630 1179 1691 pp.
1195 1614 1262 1690 269,
1273 1626 1320 1687 7ο,

1067 1708 1186 1771 Roman
1199 1711 1286 1789 type.)

244 1806 314 1870 Mis.
328 1808 424 1868 votiva
438 1827 493 1887 pro
506 1807 667 1870 remedium
682 1809 805 1868 animae.
870 1851 878 1869 .
960 1851 968 1869 .
1010 1805 1113 1889 (Gerb.
1127 1828 1177 1888 pp.
1193 1811 1260 1883 286,
1273 1807 1315 1889 7.)

245 1903 313 1967 Mis.
337 1923 391 1985 pro
413 1905 612 1966 tribulantibus
632 1904 669 1965 de
689 1905 861 1984 quavisiibet
882 1915 965 1967 extra

325 2000 388 2087 [iet
403 2000 517 2087 contra]
532 2003 645 2082 flagella
659 2004 800 2084 corporis.
865 2047 875 2066 .
957 2047 966 2065 .
1007 2003 1111 2084 (Gerb
1125 2024 1175 2084 pp.
1191 2017 1259 2082 173,
1271 2004 1310 2084 4.)

244 2101 337 2166 Missa
349 2103 443 2163 votiva
456 2121 511 2182 pro
528 2121 580 2164 eos
592 2101 645 2182 qui
658 2103 713 2163 sibi
726 2104 757 2163 in
774 2121 896 2182 corpore
908 2102 964 2164 viti

323 2201 386 2262 mis.
401 2211 517 2262 cantare
531 2210 644 2280 rogant.
686 2245 694 2261 .
776 2245 784 2261 .
867 2245 874 2262 .
957 2244 965 2262 .
1006 2199 1109 2280 (Gerb.
1124 2221 1153 2281 p.
1169 2199 1250 2282 282.)

243 2299 318 2360 Item
332 2299 387 2359 alia
400 2299 603 2361 missavotiva
687 2342 694 2359 .
777 2342 786 2360 .
869 2343 877 2359 .
961 2343 968 2358 .
1011 2296 1114 2377 (Gerb.
1129 2319 1179 2379 pp.
1195 2299 1316 2380 181,3.)

244 2396 338 2458 Missa
350 2398 443 2458 votiva
456 2416 523 2458 cum
538 2397 685 2457 lectiones.
779 2440 787 2456 .
870 2443 877 2458 .
961 2442 968 2458 .
1010 2394 1114 2478 (Gerb.
1127 2417 1177 2477 pp.
1192 2401 1260 2477 283,
1272 2400 1313 2474 4.)

244 2496 320 2556 Item
333 2495 388 2556 alia
402 2496 491 2556 miso
504 2515 559 2575 pro
573 2496 686 2556 devoto.
782 2539 789 2556 .
873 2540 880 2556 .
962 2540 970 2554 .
1012 2494 1115 2574 (Gerb.
1130 2515 1179 2576 pp
1197 2499 1264 2574 285,
1277 2496 1318 2579 6.)

243 2593 311 2654 Mis.
327 2595 421 2654 votiva
438 2635 970 2655 .......
1012 2592 1114 2676 (Gerb.
1125 2614 1175 2674 pp.
1191 2610 1259 2674 279,
1270 2595 1331 2677 8ο.)

245 2689 314 2753 Mis
336 2691 366 2751 in
382 2691 466 2752 'Nati
488 2701 656 2752 sanctorum
679 2691 725 2752 vel
746 2710 801 2770 pro
822 2692 965 2754 memoria

324 2791 453 2851 vivorum
474 2789 532 2849 sive
552 2789 666 2868 agenda
688 2799 872 2851 mortuorum
895 2791 963 2851 fide·

325 2887 439 2946 iiumin
453 2887 606 2948 Christo..
689 2933 696 2946 .
777 2929 785 2945 .
869 2931 876 2946 .
1008 2884 1112 2968 (Gerb.
1125 2908 1177 2967 pp.
1194 2892 1261 2963 2⁶6,
1275 2887 1314 2969 7.)

246 2983 349 3046 Oratio
363 3003 416 3063 pro
430 2985 544 3044 infirmo
546 3029 972 3046 ......
1014 2984 1116 3066 (Gerb.
1131 3006 1160 3065 p.
1176 2987 1258 3068 312.)

246 3082 321 3141 Item
336 3082 429 3140 alia.
510 3085 523 3140 .’
601 3127 607 3140 .
690 3090 716 3140 .“
782 3127 789 3142 .
873 3125 879 3140 .
963 3126 971 3141 .

247 3179 459 3241 Reconciliatio
473 3187 550 3258 pent
565 3180 603 3240 ad
617 3191 750 3240 mortem.
779 3225 786 3239 .
870 3225 877 3240 .
959 3224 966 3239 .

246 3277 320 3337 Alia.

246 3364 328 3437 Ordo
343 3376 380 3436 ad
394 3375 678 3437 commendationem
693 3377 798 3436 anime.
872 3422 879 3438 .

246 3474 327 3536 Orat
342 3492 429 3553 super
442 3473 584 3535 defunctis
597 3475 642 3535 vel
657 3475 854 3535 commendat
868 3475 973 3535 anime.
1014 3473 1117 3553 (Gerb.
1130 3495 1179 3555 pp.
1194 3494 1263 3553 313,
1276 3475 1316 3554 5.)

244 3571 339 3633 Missa
352 3592 406 3652 pro
420 3572 557 3634 defuncto
571 3573 729 3633 sacerdote.
781 3616 789 3634 .
872 3617 881 3635 .
962 3616 970 3632 .
1012 3572 1113 3652 (Gerb.
1127 3593 1177 3653 pp.
1193 3591 1262 3651 315,
1275 3574 1316 3655 7.)

245 3671 322 3730 Item
337 3671 371 3730 al.
386 3671 449 3732 mis.
464 3689 517 3749 pro
531 3689 589 3731 sac.
604 3672 660 3751 epi.
690 3717 697 3731 .
781 3717 788 3732 .
871 3717 878 3732 .
961 3715 968 3732 .
1011 3670 1111 3750 (Gerb.
1126 3692 1153 3751 p.
1171 3670 1252 3754 317.)

246 3769 320 3828 Item
335 3769 390 3829 alia
403 3770 466 3829 mis.
481 3789 534 3846 pro
550 3770 700 3830 sacerdote
715 3771 775 3831 sive
789 3772 856 3830 abb.
877 3814 884 3828 .
966 3814 973 3828 .
1014 3770 1116 3851 (Gerb.
1130 3790 1179 3850 pp
1198 3775 1267 3849 318,
1279 3768 1320 3849 9.)

247 3866 326 3928 Orat
341 3867 378 3928 ad
399 3867 466 3927 Mis.
480 3869 510 3926 in
532 3868 610 3928 Natl.
626 3868 756 3929 Scorum.
774 3871 835 3929 siue
856 3868 972 3947 agenda

326 3977 506 4026 mortuorum
508 4012 969 4027 ......
1012 3965 1116 4043 (Gerb.
1129 3987 1158 4045 p.
1174 3967 1258 4048 319.)

247 4062 340 4124 Missa
353 4084 406 4141 pro
419 4064 556 4124 defuncto
572 4084 665 4144 nuper
679 4067 833 4143 baptIzato.
877 4110 884 4124 .
965 4111 973 4128 .
1015 4064 1116 4145 (Gerb.
1127 4085 1176 4144 pp.
1192 4085 1261 4143 319,
1274 4064 1332 4145 so.)

248 4161 341 4222 Missa
362 4181 449 4240 quam
471 4163 607 4238 sacerdos
627 4183 681 4241 pro
702 4165 861 4242 semetipso
881 4164 968 4225 debet

326 4279 439 4321 canere.
457 4274 459 4278 ‘
511 4305 968 4322 ......
1011 4262 1113 4342 (Gerb.
1127 4282 1176 4340 pp.
1194 4283 1260 4339 291,
1274 4261 1313 4342 a.)

245 4359 320 4419 Item
334 4359 390 4418 alia
405 4359 472 4419 Mis.
487 4379 540 4437 pro
555 4361 721 4436 semetipso.
779 4405 786 4419 .
869 4404 876 4418 .
960 4405 967 4419 .
1010 4359 1112 4440 (Gerb.
1128 4380 1176 4439 pp.
1194 4382 1261 4438 292,
1273 4360 1315 4442 3.)

246 4457 325 4519 Orat
360 4475 414 4534 pro
450 4458 589 4517 defunctis
623 4458 853 4519 desiderantibus
885 4460 966 4536 peni·

325 4565 434 4616 tentem
457 4555 522 4637 (sic)
547 4568 576 4617 et
602 4557 722 4617 minime
750 4569 970 4618 consecrantem

325 4653 399 4734 (sic).
511 4699 968 4716 ......
1011 4654 1112 4734 (Gerb.
1129 4675 1157 4735 p.
1174 4655 1255 4739 320.)
