3352 5828
299 770 433 839 taum]
613 771 825 831 ROMANAE
845 770 1089 834 ECCLESIAE.
1351 783 1393 855 59

342 937 398 1002 Es
421 948 581 1002 mmm
605 949 713 1003 rioms
735 949 882 1003 masma
915 950 1071 1019 nosses,
1104 951 1214 1007 s1cus
1237 953 1290 1005 us
1322 953 1394 1009 uos

299 1053 528 1108 unimurus
545 1053 791 1108 nssmomsus
809 1053 976 1109 nostrus.

343 1161 421 1228 Hoc
442 1169 620 1246 praecepto
639 1159 828 1247 significans
835 1157 872 1242 ⁸³,
895 1181 964 1229 non
986 1182 1047 1229 nos
1068 1161 1164 1229 aliter
1183 1171 1394 1250 peccatorum

300 1284 400 1350 posse
413 1265 543 1330 veniam
558 1265 745 1349 promereri,
761 1264 823 1332 nisi
838 1265 929 1351 prius
949 1286 1010 1332 nos
1032 1266 1066 1330 in
1089 1266 1185 1333 nobis
1202 1267 1394 1351 delinquen-

299 1367 391 1434 tibus
404 1363 511 1434 aliis¹⁴
524 1366 729 1435 relaxemus:
752 1369 837 1436 sicut
852 1369 886 1434 in
901 1369 1072 1455 evangelio
1087 1370 1252 1436 Dominus
1261 1367 1288 1411 ²³
1302 1372 1395 1444 dicit.

303 1470 377 1536 Nisi
392 1470 583 1536 dimiseritis
604 1480 741 1557 peccata
762 1471 959 1552 hominibus,
974 1492 1035 1538 nec
1050 1474 1146 1541 vobis
1168 1474 1267 1541 Pater
1285 1484 1396 1542 vester

301 1574 448 1641 dimittet
462 1584 597 1660 peccata
609 1584 726 1642 vestra.

345 1712 402 1778 Es
417 1726 469 1778 us
483 1726 553 1779 uos
568 1726 731 1781 INDUCAS
750 1727 792 1779 ru
809 1727 1094 1785 suusnmousu.

348 1833 388 1898 Id
404 1842 461 1912 est,
477 1855 519 1900 ne
533 1853 594 1900 nos
610 1834 745 1920 patiaris
765 1836 876 1902 induci
894 1837 938 1902 ab
958 1857 999 1903 eo
1018 1837 1077 1922 qui
1091 1846 1208 1918 tentat,
1222 1837 1395 1922 pravitatis

302 1944 435 2003 auctore
444 1933 480 2003 ²⁶.
525 1937 613 2002 Nam
629 1938 712 2005 dicit
728 1939 898 2024 scriptura,
915 1941 1008 2006 Deus
1023 1942 1110 2007 enim
1130 1941 1311 2008 intentator
1326 1963 1395 2007 ma-

302 2040 410 2106 lorum
440 2050 492 2108 est
500 2038 535 2108 π.
579 2040 743 2107 Diabolus
771 2062 851 2110 vero
876 2041 1078 2125 tentator²⁸;
1113 2045 1156 2110 ad
1181 2065 1281 2129 quem
1306 2047 1397 2110 evin·

302 2140 480 2211 cendum²⁹
501 2144 667 2211 Dominus
682 2145 764 2212 dicit
773 2146 810 2222 ⁸⁰,
825 2146 975 2232 Vigilate
989 2158 1024 2214 et
1039 2157 1140 2227 orate,
1158 2169 1199 2214 ne
1213 2149 1340 2215 intretis
1361 2149 1396 2214 in

303 2247 529 2314 tentationem.

347 2384 424 2452 sm>
438 2397 574 2450 smum
589 2398 660 2452 uos
675 2400 700 2451 s
714 2398 828 2454 unio.

349 2505 426 2572 Hoc
447 2505 524 2572 ideo
549 2506 606 2586 ait,
622 2507 700 2590 quia
721 2507 811 2573 dixit
833 2509 1014 2591 apostolus,
1036 2510 1179 2575 Nescitis
1200 2511 1280 2595 quid
1300 2509 1398 2579 vos⁸¹

306 2617 439 2694 oportet
474 2629 577 2674 orare
622 2611 720 2677 Unus
756 2610 883 2678 Deus³²
920 2613 1130 2697 omnipotens
1165 2614 1213 2680 ita
1248 2634 1269 2679 a
1303 2614 1400 2680 nobis

307 2713 452 2779 orandus
460 2711 497 2792 ⁸⁸,
518 2723 556 2779 ut
578 2713 734 2797 quicquid
755 2713 898 2781 humana
921 2715 1078 2801 fragilitas
1101 2737 1216 2784 cavere
1240 2726 1275 2784 et
1295 2718 1400 2785 vitare

307 2835 376 2881 non
390 2813 557 2900 praevalet
565 2814 602 2893 ⁸⁴,
617 2816 680 2882 hoc
695 2816 749 2881 ille
763 2827 800 2883 ut
814 2819 978 2902 possimus
989 2818 1018 2858 ³⁶
1031 2821 1193 2904 propitius
1208 2821 1301 2887 nobis
1322 2841 1399 2888 con·

309 2916 394 2983 serre
414 2919 569 3003 dignetur
587 2919 681 2985 Iesus
702 2917 853 2985 Christus
867 2921 1030 2987 Dominus
1050 2933 1170 3001 noster,
1184 2925 1241 3008 qui
1261 2925 1343 2990 vivit
1365 2934 1399 2990 et

309 3030 426 3105 regnat
441 3021 533 3087 Deus
547 3022 581 3086 in
598 3022 724 3088 unitate
740 3023 881 3109 Spiritus
899 3024 1051 3105 sancti⁸⁸,
1065 3047 1125 3110 per
1140 3027 1252 3092 omnia
1270 3027 1401 3092 saecula

307 3123 521 3191 saeculorum

351 3228 436 3293 Item
451 3230 630 3296 meantiat
641 3229 803 3307 diaconus,
818 3239 858 3295 ut
876 3239 995 3312 supra;
1019 3231 1115 3298 State
1134 3253 1207 3298 cum
1228 3231 1399 3318 disciplina

309 3340 344 3397 et
358 3351 433 3396 cum
448 3331 590 3409 silentio,
603 3333 772 3399 audientes
786 3333 912 3398 intente
922 3333 959 3396 ⁸⁷.

351 3433 513 3513 Audistis,
536 3433 748 3512 dilectissimi,
775 3435 973 3502 Dominicae
1000 3437 1156 3502 orationis
1184 3446 1296 3504 sancta
1325 3457 1399 3520 my·

310 3537 427 3602 steria:
456 3557 544 3602 nunc
570 3547 687 3603 euntes
712 3560 752 3604 ea
777 3540 894 3605 vestris
918 3540 1074 3606 cordibus
1099 3541 1264 3621 innovate,
1288 3549 1325 3606 ut
1355 3541 1400 3607 ad

310 3641 513 3706 exorandam
523 3649 558 3705 et
567 3641 610 3706 ad
622 3642 868 3726 percipiendam
880 3642 944 3707 Dei
957 3643 1213 3709 misericordiam
1223 3643 1250 3684 ³⁸
1265 3643 1401 3729 perfecti

310 3743 345 3809 in
360 3742 494 3810 Christo
508 3765 580 3810 esse
595 3744 737 3827 possitis
782 3745 907 3813 Potens
923 3754 975 3810 est
995 3747 1160 3814 Dominus
1174 3748 1266 3813 Deus
1283 3759 1403 3826 noster,

310 3847 383 3914 uti·
404 3856 438 3914 et
462 3868 522 3914 vos
545 3849 602 3934 qui
627 3849 670 3914 ad
692 3848 792 3914 fidem
818 3850 946 3915 curritis
970 3851 1013 3915 ad
1036 3851 1202 3917 lavacrum
1225 3872 1331 3936 aquae
1352 3872 1403 3917 re·

311 3953 531 4037 generationis
552 3952 719 4036 perducat,
735 3962 769 4018 et
791 3973 853 4020 nos
874 3953 931 4037 qui
941 3951 970 3991 ⁴⁰
995 3953 1090 4021 vobis
1112 3954 1304 4039 mysterium
1326 3954 1403 4021 fidei

312 4054 491 4122 catholicae
514 4055 718 4135 tradidimus,
741 4055 843 4122 una⁴¹
863 4057 1035 4123 vobiscum
1059 4058 1103 4122 ad
1126 4058 1280 4124 caelestia
1301 4079 1404 4143 regna

313 4157 412 4224 saciat
435 4160 611 4243 pervenire.
655 4158 723 4244 Qui
745 4159 829 4227 vivit
851 4169 886 4226 et
911 4171 1028 4244 regnat
1053 4181 1128 4227 curn
1153 4162 1228 4227 Deo
1250 4161 1347 4227 Patre
1368 4163 1403 4227 in

313 4262 439 4328 unitate
454 4263 593 4348 Spiritus
606 4264 721 4344 sancti,
736 4284 796 4349 per
809 4263 921 4330 omnia
935 4265 1066 4330 saecula
1079 4265 1284 4331 saeculorum
1292 4262 1330 4330 ⁴¹.

347 4449 358 4480 ¹
373 4448 438 4500 This
452 4449 515 4500 iorrn
530 4449 559 4500 oi
563 4451 715 4534 'hemodos'
730 4466 835 4566 uppem
849 4451 874 4501 in
886 4466 901 4500 ι
913 4468 972 4517 very
982 4451 1077 4547 slmiles
1087 4452 1163 4519 dupe
1173 4452 1198 4503 in
1207 4453 1313 4505 mule
1324 4453 1404 4505 Gelli·

314 4515 482 4631 will
492 4514 731 4647 ‘lilim
748 4517 1405 4660 fflidffdssiffleffiussfflss

314 4648 370 4696 thet
386 4644 470 4696 differs
480 4645 542 4696 irom
554 4645 593 4706 V,
605 4647 649 4697 bnt
660 4646 790 4698 resemble·
802 4647 833 4696 V.
845 4662 913 4698 more
930 4647 1024 4713 closely
1034 4649 1060 4698 in
1076 4664 1145 4698 some
1162 4656 1297 4714 rmpnrtent
1313 4651 1404 4716 points.

314 4709 412 4760 ’sacra
429 4710 522 4772 Germ
538 4710 570 4760 V.
586 4727 613 4761 u
628 4718 693 4769 text3
713 4713 784 4763 Mine.
801 4712 869 4762 Gall
886 4714 962 4762 omits
977 4712 1020 4763 the
1036 4713 1118 4763 words
1132 4714 1242 4764 between
1259 4714 1404 4764 minend

314 4774 451 4839 ds'sn‘pulm
580 4776 677 4826 'Mite
690 4775 756 4826 Gall
768 4775 843 4827 Gerb.
856 4777 1005 4839 heremitas
1015 4777 1404 4844 debemdmeolmsmnan

314 4841 436 4890 mannis
452 4840 570 4897 concessit,
586 4856 673 4891 verum
689 4841 763 4892 etiam
780 4857 829 4906 pua
851 4848 931 4891 menie
949 4849 973 4892 et
989 4843 1104 4907 purtim
1114 4850 1279 4908 precarem
1292 4844 1404 4905 madet,

314 4906 985 4970 urmpmesenrisacrataeclecrudmnsrramr:
1004 4907 1174 4974 sndprooeed
1193 4909 1405 4971 stantem&

313 4970 458 5021 'aarum
470 4971 540 5021 Mine
552 4972 871 5024 callentissimus
887 4973 1285 5025 thewordsilliseli...dedere.
1348 4972 1405 5025 'ut

315 5036 396 5086 malae
417 5036 563 5100 coptam
584 5036 653 5086 Miss-
675 5038 742 5090 Gall
765 5037 841 5088 Gerln
939 5037 949 5065 ⁸
965 5038 1035 5088 Mire.
1057 5038 1126 5088 Gall
1148 5039 1223 5091 Gerb.
1245 5040 1318 5090 insert
1330 5037 1404 5104 fidei

313 5098 323 5128 ¹
338 5101 407 5151 eninr
420 5101 488 5153 Mitt
501 5101 570 5153 Gall.
584 5101 658 5154 Gerb.
779 5102 789 5132 ⁸
805 5103 874 5154 Mlss
888 5103 957 5156 Gall.
969 5103 1045 5156 Gerb.
1056 5105 1119 5156 omit
1128 5109 1158 5155 ei.
1289 5104 1299 5134 ⁸
1314 5104 1408 5155 aerem
