3352 5828
281 756 301 808 1.
315 755 383 824 na]
588 759 801 817 nonanus
820 758 1063 817 accensus.
1331 765 1373 836 79

279 921 365 1002 inde,
380 923 545 1001 damnate,
560 923 605 989 da
626 924 785 991 honorem
808 924 882 990 Deo
896 924 973 991 vivo
987 932 1022 989 et
1043 944 1130 1004 vero,
1146 924 1190 990 da
1211 923 1371 991 honorem

280 1025 357 1091 Iesu
374 1025 506 1094 Christo
529 1028 615 1094 Filio
634 1029 711 1105 eius,
726 1037 761 1096 et
783 1026 920 1112 Spiritui
940 1036 1065 1105 sancto,
1081 1029 1116 1093 in
1130 1028 1222 1095 cuius
1238 1030 1374 1095 nomine

279 1138 383 1215 atque
408 1131 528 1198 virtute
551 1132 717 1218 praecipio
742 1130 825 1198 nbi²
846 1140 885 1198 ut
905 1152 1007 1198 exeas
1029 1140 1064 1198 et
1086 1131 1220 1199 recedas
1242 1133 1286 1198 ab
1308 1131 1373 1198 hoc

278 1231 406 1300 famulo
439 1236 514 1316 Dei,
542 1257 641 1320 quern
669 1235 771 1302 hodie
801 1236 966 1302 Dominus
1001 1237 1095 1302 Deus
1130 1245 1243 1302 noster
1280 1236 1374 1303 Iesus

280 1335 432 1403 Christus
454 1340 497 1404 ad
518 1359 613 1405 suam
635 1349 784 1405 sanctam
803 1339 945 1424 gratiam
968 1348 1002 1405 et
1019 1338 1284 1406 benedictionem
1299 1340 1373 1405 ion·

279 1448 415 1526 temque
436 1443 646 1526 baptismatis
667 1441 780 1508 dono⁸
792 1463 910 1511 vocare
925 1443 1081 1528 dignatus
1102 1451 1162 1522 est,
1176 1452 1214 1509 nt
1228 1442 1287 1508 fiat
1303 1444 1373 1508 eius

278 1545 442 1630 templum
468 1567 526 1631 per
547 1567 667 1632 aquam
693 1548 949 1631 regenerationis
970 1548 1003 1612 in
1028 1546 1278 1614 remissionem⁴
1300 1567 1373 1612 om·

278 1649 369 1715 nium
390 1662 610 1735 peccatorum,
632 1652 666 1716 ia
688 1651 823 1718 nomine
849 1651 986 1718 Domini
1013 1653 1116 1719 nostri
1140 1652 1216 1718 Iesu
1240 1649 1373 1728 Christi,

277 1755 333 1838 qui
347 1763 504 1821 venturus
526 1765 577 1822 est
598 1755 743 1821 iudicare
757 1756 852 1823 vivos
866 1767 901 1824 et
916 1766 1065 1822 mortuos
1079 1765 1114 1823 et
1131 1754 1299 1822 saeculum
1314 1775 1374 1841 per

275 1857 431 1942 ignem-s

320 1962 402 2028 Inde
431 1965 541 2048 tangis
567 1963 601 2030 ei
627 1984 723 2030 nares
749 1973 782 2029 et
809 1985 905 2031 aures
928 1963 967 2029 de
991 1974 1092 2048 sputo,
1118 1973 1151 2030 et
1172 1963 1255 2031 dreis
1277 1964 1309 2029 ei
1329 1962 1377 2029 ad

277 2066 435 2132 aurem⁶r

320 2169 463 2246 Efseta⁸‚
485 2171 577 2255 quod
602 2178 653 2236 est
679 2171 857 2256 adaperire,
876 2171 910 2236 in
936 2171 1074 2236 odorem
1094 2172 1275 2239 suavitatis.
1319 2171 1374 2236 Tu

277 2283 389 2341 autem
406 2271 561 2358 effugare,
573 2274 712 2353 diabole,
727 2275 1005 2359 appropinquavit
1020 2275 1109 2341 enim
1127 2276 1283 2342 iudicium
1297 2274 1373 2340 Dei.

320 2379 441 2444 Postea
457 2399 533 2444 uero
552 2380 662 2463 tangis
677 2381 710 2445 ei
715 2389 828 2464 pectus
840 2390 874 2444 et
887 2381 973 2445 iuter
986 2379 1133 2464 scapulas
1146 2379 1187 2445 de
1200 2378 1264 2445 oleo
1282 2401 1373 2444 exar-

276 2482 388 2561 ciaato,
401 2491 435 2548 et
448 2493 557 2548 vocato
571 2485 707 2561 nomine,
722 2483 865 2568 sierguffi
881 2480 1007 2550 dicis⁷r

321 2583 549 2651 Abrenuntias
572 2585 740 2652 Satanae?

321 2687 416 2772 Resp.
439 2689 662 2755 Abrenunti0.

323 2791 371 2857 Et
386 2793 541 2860 omnibus
555 2794 709 2879 operibus
724 2795 818 2858 eius?

321 2893 417 2978 Rerp.
440 2895 663 2963 Abrenunti0.

322 2997 369 3064 Et
383 2999 538 3065 omnibus
553 3000 686 3084 pompis
699 3001 790 3066 eius?

320 3101 415 3186 Resp.
437 3102 656 3169 Abrenunti0.

319 3204 402 3270 Inde
430 3205 611 3271 veredicis
638 3206 821 3289 symbolum,
845 3205 995 3288 imposita
1024 3227 1124 3271 uranu
1146 3217 1241 3290 super
1264 3209 1373 3290 capita

276 3306 428 3391 ipsorum.
472 3304 592 3375 Postea
607 3331 681 3376 vero
694 3310 817 3376 dicitur
829 3312 877 3376 eis
890 3310 931 3375 ab
944 3309 1189 3376 archidiacono:

319 3412 431 3491 Orate,
458 3413 563 3492 electi,
589 3413 711 3479 flectite
737 3434 854 3498 genua
899 3413 1074 3498 Complete
1093 3415 1276 3480 orationem
1298 3435 1371 3479 ves·

275 3524 360 3580 tram
389 3516 423 3580 in
448 3537 561 3596 unum,
591 3526 626 3582 et
655 3518 764 3596 dicite,
792 3517 915 3582 Amen.
959 3516 1012 3581 Et
1038 3516 1229 3601 respondent
1255 3537 1372 3594 amnes,

275 3618 396 3684 Amen.

317 3723 444 3788 Iterum
458 3724 673 3789 adnrenentur
686 3724 727 3788 ab
741 3723 967 3789 archidiacono
981 3723 1035 3790 his
1050 3723 1157 3789 uerbis
1167 3746 1179 3789 .·

319 3827 555 3893 Catechumeni
594 3829 758 3893 recedant.
818 3827 946 3894 Omnes
982 3827 1212 3894 catechumeni
1246 3839 1372 3895 exeant

276 3930 362 3995 foras
370 3928 394 3996 ⁸.

205 4051 264 4110 564
319 4035 444 4099 Iterum
458 4034 540 4100 dicit
549 4035 723 4101 diaconus:

323 4137 397 4203 Filii
418 4139 574 4204 carissimi
595 4138 796 4205 revertimini
811 4138 845 4203 in
860 4139 941 4206 loeis
956 4138 1073 4203 vestris
1081 4137 1105 4216 ⁹,
1120 4146 1336 4224 expectantes
1345 4136 1372 4177 ¹⁰

276 4240 392 4307 horam
408 4262 474 4325 qua
488 4243 592 4328 possit
606 4244 690 4309 circa
705 4264 766 4308 vos
781 4242 846 4308 Dei
860 4243 967 4330 gratia
981 4242 1184 4327 baptismum
1199 4262 1346 4326 operare.

343 4428 540 4508 SEQUITUR
561 4444 661 4496 onoo
684 4442 877 4507 Quanrrnn
900 4429 1074 4496 Snssnno
1096 4441 1237 4495 sancto
1258 4443 1311 4493 no

559 4547 731 4599 vrmnmn
755 4530 1093 4600 monnmnuranss.

277 4654 445 4720 Primitus
466 4655 552 4720 enim
575 4657 639 4720 viii
657 4654 738 4719 hora
757 4655 825 4720 diei
845 4653 1008 4720 mediante
1020 4653 1197 4737 procedunt
1216 4653 1263 4717 ad
1277 4652 1370 4718 eccle·

340 4758 436 4835 nam,
450 4766 483 4821 et
502 4757 730 4842 ingrediuntur
746 4759 783 4823 in
803 4753 995 4832 sacramen,
1010 4766 1044 4821 et
1061 4755 1204 4822 iuduunt
1222 4777 1257 4822 se
1276 4757 1371 4820 vesti·

341 4862 459 4927 mmtis
476 4863 562 4926 sz'cza
577 4883 645 4927 mos
664 4871 719 4926 est.
762 4861 815 4925 Et
828 4862 945 4944 incipit
959 4860 1064 4926 clem
1076 4856 1240 4937 litantem,
1254 4869 1288 4925 et
1297 4869 1371 4942 pra

339 4963 426 5029 cedit
437 4965 585 5030 sacerdes
597 4966 637 5030 de
649 4966 794 5030 sacrario
807 4987 880 5031 cum
895 4965 1065 5030 ordinibus
1078 4965 1192 5030 sacris.
1231 4962 1374 5029 Veniunt

341 5079 417 5134 ante
453 5069 560 5135 altare
594 5080 717 5135 stantes
747 5069 902 5136 inclinata
931 5071 1034 5152 capite
1062 5067 1237 5152 usquedum
1264 5067 1374 5132 duent
