3352 5828
690 818 920 878 APPENDIX.

569 983 613 1071 [o
626 985 698 1048 naz.
712 987 790 1067 Aug.
804 987 877 1050 Nat.
892 985 925 1049 s,
939 985 1051 1049 moes.

361 1103 391 1165 S.
412 1103 513 1166 Felicis
532 1102 608 1166 Dne.
629 1104 773 1167 confessio
793 1105 936 1166 recensita

360 1203 482 1264 Hostias
502 1203 552 1265 tibi
572 1203 648 1265 Dne.
667 1222 722 1284 pro
742 1203 1022 1265 commemoratione

360 1300 476 1381 Repleti
495 1303 560 1364 cibo
579 1314 706 1383 potuque
726 1297 858 1384 caelesti]

481 1439 533 1527 [iii
542 1442 612 1503 Kal.
625 1443 703 1522 Aug.
713 1440 790 1503 Nol.
805 1441 862 1505 SS.
877 1442 960 1504 A'bdo
972 1449 999 1503 et
1011 1441 1121 1505 Samo.

360 1555 400 1618 D.
420 1557 471 1638 qni
490 1560 596 1619 sanctis
616 1558 673 1619 tuin
692 1557 780 1619 Abdo
801 1569 830 1619 et
850 1556 970 1620 sennen

360 1655 487 1719 Munere
505 1658 557 1718 tibi
577 1657 653 1719 Dne:
674 1676 728 1736 pro
747 1666 919 1719 sanctornm
939 1666 1100 1735 martyrum

361 1754 506 1836 Populum
525 1767 608 1817 tuum
627 1755 704 1817 Dne.
724 1765 865 1836 perpetue
877 1750 1062 1838 munitione]

604 1897 694 1958 Hebd.
708 1898 819 1976 xiposi
828 1896 1013 1959 Pentecosten.

360 2012 479 2075 Praesto
498 2031 527 2092 q.
548 2031 576 2074 o.
596 2022 626 2075 et
645 2031 685 2072 m.
706 2011 745 2073 D.
766 2021 799 2074 ut
818 2013 894 2075 inter
913 2012 1001 2075 huius

342 2110 482 2174 :Pstennt
503 2129 588 2173 eures
607 2110 822 2174 misericordiae
842 2121 910 2173 tuae

360 2209 500 2272 Concede
520 2210 606 2271 nobis
626 2209 699 2272 haec
719 2228 748 2290 q.
769 2209 847 2271 Dne.
867 2209 1051 2290 frequentare

360 2307 428 2368 VD.
449 2308 519 2369 Tibi
539 2308 666 2369 debitam
686 2309 850 2369 servitutem

361 2406 421 2467 Tui
441 2407 529 2467 nobis
548 2406 626 2467 Dne.
646 2406 816 2469 communio
837 2407 1020 2468 sacrementi.

296 2545 382 2633 [Kal.
395 2547 476 2627 Aug.
489 2548 531 2608 ad
541 2545 575 2609 S.
588 2545 706 2608 Petrum
719 2547 760 2606 ad
778 2546 904 2609 Vimia.
949 2546 1070 2608 Catenae
1081 2548 1141 2608 eius
1153 2547 1321 2610 osculamur.
1380 2559 1458 2614 Gerb.

575 2643 1045 2724 momentaneam
1380 2625 1476 2695 W·

363 2761 501 2823 Fraterno
521 2777 576 2821 nos
596 2760 671 2822 Dne.
692 2769 851 2839 martyrum
870 2768 988 2822 tuorum

365 2861 484 2921 Praesta
503 2879 531 2939 q.
551 2858 628 2920 Dne.
648 2870 681 2921 ut
701 2860 775 2920 sicut
795 2859 882 2920 nobis

345 2958 539 3019 :intemerate
559 2957 694 3036 mysteria
713 2956 790 3020 Dne.
811 2975 866 3036 pro
886 2965 1054 3018 sanctornm

364 3055 432 3116 VD.
454 3055 532 3130 Quia
550 3056 616 3117 iioet
636 3056 667 3116 in
688 3056 821 3118 omnium

365 3153 485 3215 Praesta
504 3172 534 3234 q.
555 3172 583 3215 o.
601 3152 641 3213 D.
661 3162 693 3214 nt
712 3171 838 3234 quornm
857 3148 1045 3235 memoriam]

484 3296 515 3355 iv
528 3294 606 3357 Note
619 3293 698 3373 Aug.
712 3294 785 3357 Nat.
799 3293 832 3356 S.
846 3292 985 3372 Stephon·
995 3293 1137 3374 Episcopi.

364 3410 402 3472 D.
422 3410 474 3488 qni
494 3427 549 3472 nos
568 3412 598 3471 b.
619 3408 759 3488 Stephani
779 3410 913 3487 martyris
934 3409 977 3469 tui

364 3507 492 3568 Munera
511 3508 563 3569 tibi
583 3507 659 3568 Dne.
680 3507 776 3568 diceto
795 3507 946 3568 sanctifica

363 3606 448 3667 Haec
467 3623 523 3668 nos
541 3605 710 3667 communio
729 3604 805 3665 Dne.
826 3615 930 3684 purget

505 3742 577 3829 [viii
586 3744 632 3805 Id.
646 3745 723 3825 Aug.
735 3745 808 3807 Nat.
824 3742 857 3805 S.
872 3744 962 3806 Ss'xti
972 3744 1113 3823 Episcopi.

346 3860 446 3922 *Beati
468 3860 540 3921 Sixti
559 3859 636 3922 Dne.
656 3861 698 3921 tui
719 3859 879 3923 ssoerdotis
900 3871 930 3922 et
950 3862 1083 3940 martyris

346 3960 394 4020 eS.
416 3959 489 4021 Sixti
509 3960 586 4019 Dne.
608 3959 789 4039 frequentato
810 3959 954 4020 solemnia

366 4058 488 4136 Suscipe
508 4057 586 4118 Dne.
604 4076 726 4118 munere
745 4058 917 4137 propitiante
938 4057 1038 4135 oblate

348 4155 432 4216 sVD.
453 4157 490 4216 In
510 4155 557 4217 die
576 4156 735 4218 festivitatis
755 4156 913 4218 hodiernae

349 4254 483 4334 *Repleti
503 4273 604 4317 sumus
623 4254 703 4316 Dne.
724 4273 848 4316 munere
868 4250 1082 4338 solemnitatis]

467 4381 586 4468 [Eodem
599 4387 642 4445 dit
654 4384 728 4447 Nat.
742 4384 800 4448 SS.
814 4384 989 4446 Felicissimi
998 4390 1026 4445 e!
1036 4385 1164 4465 Agopiti.
1280 4450 1289 4466 .

368 4500 406 4562 D.
428 4501 478 4579 qni
498 4519 555 4563 nos
575 4502 712 4563 concedis
732 4512 901 4563 sanctorum
921 4512 1081 4580 mnnyrum

369 4599 496 4660 Munera
515 4600 565 4662 tibi
585 4597 662 4661 Dne.
684 4610 802 4661 nostres
822 4599 987 4660 devotionis

369 4697 488 4759 Praesta
506 4716 536 4777 q.
557 4697 632 4758 Dne.
653 4697 691 4757 D.
712 4709 810 4760 noster
832 4709 863 4759 ut
885 4693 1026 4779 quorum]

511 4824 570 4912 [nii
579 4827 625 4889 Id
639 4829 717 4907 Aug.
730 4829 804 4891 Not.
818 4827 852 4891 S.
865 4826 979 4890 Donati
989 4827 1130 4908 Episcopi.

351 4942 407 5004 αἶ).
427 4952 544 5004 tuorum
563 4943 655 5022 glorie
675 4943 859 5006 secerdotum

351 5040 486 5102 *Praesta
507 5061 536 5120 q.
556 5042 632 5104 Dne.
651 5053 685 5104 nt
704 5043 797 5106 sancti
818 5041 995 5104 confessoris

372 5138 411 5201 O.
433 5151 463 5200 et
483 5159 522 5200 m.
545 5140 581 5201 D.
601 5143 726 5221 quinos
746 5136 1009 5222 sacramentorum]
