3352 5828
685 795 915 852 APPENDIX.

573 959 665 1021 Ferr‘a
679 964 707 1022 r'v
721 961 763 1022 ad
774 958 806 1023 S.
823 960 1021 1021 Laurentium.

357 1077 394 1138 D.
416 1079 467 1158 qui
488 1095 542 1140 nos
563 1077 780 1139 resurrectionis

337 1177 393 1239 rD.
414 1177 465 1256 qui
486 1176 668 1238 solemnitate
688 1174 817 1255 paschali

357 1276 502 1338 sacrificia
523 1275 599 1338 Dne.
619 1274 804 1356 paschalibus
825 1273 941 1354 gaudiis

338 1373 422 1436 sVD.
443 1374 664 1436 circumdantes
683 1373 784 1435 altaria
805 1384 856 1434 tua
947 1408 950 1416 ι

357 1472 447 1535 Hanc
467 1474 553 1554 igitur
572 1471 618 1556 (ul
636 1471 746 1553 supra.)

356 1573 405 1632 Ab
424 1573 507 1634 omni
527 1588 582 1633 nos
602 1589 631 1650 q.
654 1570 728 1632 Dne.
749 1579 890 1632 vetustate

357 1671 411 1731 Ad
427 1680 499 1750 vesp.
538 1669 656 1730 Praesta
676 1687 704 1748 q.
724 1687 753 1731 o.
773 1669 812 1731 D.
831 1679 863 1730 ut
883 1667 968 1729 huius
989 1665 1133 1747 paschalis

355 1770 409 1830 Ad
413 1770 519 1849 sontes
560 1767 599 1831 D.
621 1768 672 1848 qui
691 1786 746 1830 nos
767 1787 819 1847 per
838 1767 985 1847 paschalia
1006 1766 1080 1827 festa

358 1866 412 1927 Ad
428 1866 461 1929 S.
475 1866 570 1929 Andr.
611 1867 723 1928 Tribue
743 1885 771 1946 q.
792 1884 821 1929 o.
843 1865 881 1927 D.
901 1877 933 1926 ut
953 1865 1020 1926 illuc

560 1998 650 2060 Fertis
664 2019 682 2060 v
696 2001 737 2059 cd
745 1997 820 2088 (effi
834 1995 884 2077 R.)
898 1997 1050 2079 Apostolos.

358 2114 396 2175 D.
417 2116 468 2193 qui
489 2115 684 2176 diversitatem
704 2116 836 2194 gentium

341 2211 397 2272 sD.
417 2214 469 2292 qui
491 2213 664 2293 multiplicas
686 2213 819 2275 sobolem
840 2209 953 2294 (sobole
975 2209 1028 2293 S.).

361 2310 484 2390 Suscipe
504 2329 534 2390 q.
554 2309 632 2371 Dne.
652 2328 774 2371 munera
794 2311 969 2389 populorum

360 2408 428 2471 VD.
451 2409 531 2484 Quia
550 2417 690 2470 vetustate
710 2408 855 2469 destructa

361 2508 452 2570 Hanc
470 2509 559 2587 igitur
579 2507 626 2589 (ut
643 2505 753 2587 supra.)

361 2606 477 2668 Exaudi
498 2606 574 2668 Due.
594 2624 697 2687 preces
716 2616 831 2667 nocuas
850 2616 883 2666 ut
902 2603 1112 2684 redemptionis

362 2703 417 2764 Ad
432 2715 506 2784 vesp.
550 2703 588 2764 D.
609 2705 660 2784 qui
679 2704 766 2765 nobis
786 2704 825 2764 ad
844 2703 1050 2765 celebrandum

363 2803 531 2883 Adsentes.
573 2802 621 2863 Da
641 2821 669 2881 q.
690 2821 722 2866 o..
741 2802 780 2863 D.
800 2814 833 2864 ut
851 2803 972 2864 ecclesia
992 2811 1043 2861 tua

362 2901 417 2962 Aa
434 2901 467 2964 S.
488 2900 588 2963 Andr.
627 2900 790 2980 Multiplica
810 2920 839 2981 q.
861 2901 936 2962 Due.
957 2900 1045 2961 fidem

439 3033 530 3094 Ferr'a
551 3033 636 3094 viad
653 3032 686 3094 S.
699 3033 832 3093 Maniam
846 3031 896 3113 (R.
910 3031 983 3094 adds
1003 3033 1044 3094 ad
1060 3023 1177 3112 Mar-r).
1385 3043 1541 3110 Gerbppti.

365 3149 404 3212 O.
425 3167 448 3210 s.
468 3147 507 3208 D.
528 3149 578 3228 qui
599 3147 734 3227 paschale
756 3158 966 3210 sacramentum

364 3246 403 3306 D.
423 3246 474 3325 qui
494 3246 533 3306 ad
553 3245 679 3308 caeleste
699 3264 823 3325 regnum

365 3344 488 3406 Hostias
508 3363 537 3423 q.
559 3343 635 3405 Dne.
656 3345 788 3423 placatus
808 3361 923 3406 assume

344 3441 429 3502 nVD.
451 3441 512 3516 Qui
526 3442 685 3502 secundum
702 3442 901 3520 promissionis
921 3440 1194 3503 suae...caelestis
1215 3440 1347 3520 pontifex

364 3536 468 3622 [Hanc
489 3538 576 3618 igitur
596 3545 630 3599 ut
646 3536 758 3622 supro]

364 3637 491 3716 Respice
511 3655 541 3716 q.
562 3637 639 3700 Dne.
660 3637 801 3717 populum
821 3648 904 3698 urum
924 3647 1061 3716 atquem
1082 3639 1207 3700 aeternis

363 3736 417 3795 Ad
434 3745 508 3813 vesp.
522 3736 554 3795 in
573 3735 761 3796 Hierusalem.
793 3734 832 3797 D.
852 3754 905 3814 per
925 3753 1013 3815 quem
1033 3736 1118 3796 nobis
1139 3747 1169 3797 et
1189 3735 1350 3814 redemptio

364 3833 418 3894 Aa
430 3833 532 3907 sontes.
573 3833 684 3894 Adesto
704 3851 732 3913 q.
752 3832 829 3895 Dne.
848 3833 973 3895 familiae
993 3845 1061 3895 tuae

479 3965 654 4028 Sabbatoad
664 3964 842 4028 SIoormem
856 3964 1146 4046 massanus).
1388 3974 1465 4027 Gen

366 4081 505 4143 masere
525 4101 554 4161 q.
576 4101 603 4143 0.
624 4081 662 4141 n
683 4081 877 4161 inquirens
896 4081 1043 4160 mnata
1387 4052 1543 4107 ”mm

349 4180 405 4241 aD.
426 4182 477 4260 qui
497 4179 561 4261 (ric)
581 4181 767 4242 innocentiae
788 4181 935 4241 restitutor

368 4278 510 4340 Concede
531 4299 559 4359 q.
580 4278 657 4340 Due.
677 4296 794 4358 semper
814 4297 870 4339 nos

350 4376 436 4438 sVD.
457 4376 523 4439 Nos
543 4389 571 4439 te
592 4377 760 4456 suppliciter
780 4378 933 4439 obsecrare

369 4477 460 4537 Hauc
479 4477 565 4557 igitur
586 4475 633 4557 (ui
649 4474 760 4554 supra.)

370 4575 593 4654 Redemptionis
614 4584 731 4636 nostrae
752 4593 872 4636 munere
892 4576 1016 4654 vegetati

349 4674 421 4733 uid
438 4685 508 4752 vesp.
524 4671 579 4756 [ad
595 4670 628 4736 S.
642 4668 800 4756 Marsum}
834 4672 872 4733 D.
892 4673 1025 4736 conditor
1045 4675 1132 4735 totius
1152 4683 1300 4735 creaturae

369 4770 538 4852 Adsentes.
580 4771 618 4832 D.
638 4773 689 4851 qui
709 4771 883 4852 multiplicas
902 4772 1055 4834 ecclesiam
1075 4783 1156 4833 tuam
1177 4774 1207 4833 in
1229 4774 1330 4834 sobole

611 4902 671 4969 Die
683 4901 836 4962 Domrin‘ca
843 4903 1020 4981 poetellius.
1389 4912 1521 4980 Cerinpp

370 5017 488 5079 Praesta
510 5037 538 5098 q.
559 5038 589 5080 o.
610 5018 647 5078 D.
668 5019 768 5099 utqui
790 5017 874 5099 (festa
895 5018 945 5099 R)
966 5019 1111 5098 paschalia
1391 4992 1448 5039 100.
1458 4992 1514 5032 ror.

373 5114 412 5174 D·
434 5119 484 5195 qui
506 5119 612 5179 renatis
632 5118 805 5196 baptismate
826 5129 950 5179 mortem
1024 5205 1029 5213 ι

812 5229 832 5279 Z
