3352 5828
320 388 384 458 234
597 377 724 434 LIBER
744 374 1131 435 SACRAMENYORUM
1288 375 1351 442 [lli.
1361 377 1415 429 xvi.

601 552 746 618 lumem
763 550 897 618 Canon
916 547 1132 617 Acrrotus‘.

408 672 546 741 Sursum
561 674 662 740 corda
672 670 696 738 ².

362 777 460 863 Resp.
483 778 659 845 Habemus
673 778 717 843 ad
733 777 930 843 Dominum.

407 890 542 957 Gratias
557 911 694 974 agamus
709 890 857 956 Domino
873 890 949 957 Deo
963 898 1087 956 nostro.

363 993 459 1078 Resp.
481 994 630 1077 Dignum
645 1005 680 1059 et
694 995 816 1058 iustum
832 1003 891 1059 est

141 1130 172 1181 lt
184 1129 211 1181 s,
363 1104 443 1170 VD.
459 1113 494 1170 et
508 1104 632 1171 iustum
649 1103 723 1170 est⁸
738 1125 882 1188 aequum
898 1113 932 1170 et
946 1105 1090 1171 salutare
1098 1101 1120 1181 ⁴,
1136 1123 1197 1171 nos
1212 1103 1272 1170 tibi
1288 1124 1418 1190 semper

141 1195 309 1314 {¹:²33}
322 1218 357 1276 et
373 1209 494 1294 ubique
508 1209 632 1293 gratias
652 1228 761 1293 agere,
778 1208 925 1275 Domine
942 1218 1067 1285 sancte,
1083 1209 1180 1275 Pater
1199 1209 1417 1294 omnipotens,

323 1322 455 1379 aeterne
465 1313 569 1390 Deus,
584 1332 643 1396 per
652 1311 820 1378 Christum
839 1313 1023 1379 Dominum
1039 1324 1197 1379 nostrum.
1242 1313 1304 1379 Per
1315 1332 1417 1398 quem

245 1471 251 1479 .
324 1416 532 1483 maiestatem
561 1427 654 1482 tuam
681 1416 818 1482 laudant
848 1417 969 1502 angeli,
995 1418 1135 1483 adorant
1163 1417 1418 1494 dominationes,

230 1557 235 1566 ·
259 1579 262 1587 .
323 1521 491 1586 tremunt⁶
512 1529 705 1604 potestates,
724 1505 807 1586 caeli
831 1520 1064 1604 caelorumque
1087 1521 1234 1601 virtutes,
1256 1540 1295 1587 ac
1319 1519 1420 1586 beata

324 1622 485 1709 Seraphin
509 1626 599 1714 socia
622 1623 829 1690 exultatione
854 1623 1108 1690 concelebrant:
1145 1644 1222 1689 cum
1244 1624 1362 1707 quibus
1384 1631 1419 1687 et

323 1738 453 1794 nostras
467 1747 565 1793 voces
586 1736 624 1793 ut
645 1728 777 1794 admitti
799 1709 914 1792 iubeas
935 1728 1159 1812 deprecamur,
1182 1727 1321 1811 supplici
1341 1746 1420 1794 con·

322 1831 465 1897 sessione
488 1832 654 1896 dicentes:
688 1830 840 1909 Sanctus,
865 1830 1016 1908 Sanctus,
1047 1831 1224 1911 Sanctus⁸,
1256 1831 1421 1896 Dominus

325 1935 419 2001 Deus
455 1933 613 2001 Sabaoth.
658 1934 751 2000 Pleni
784 1945 861 2000 sunt
900 1934 983 2001 caeli
1019 1944 1054 2001 et
1090 1946 1177 2001 terra
1212 1933 1317 2020 gloria
1352 1944 1421 1999 tua.

325 2038 461 2105 Osanna
497 2037 531 2103 in
567 2038 715 2105 excelsis.
760 2037 961 2106 Benedictus
997 2039 1056 2124 qui
1090 2039 1182 2105 venit
1215 2039 1248 2104 in
1286 2037 1422 2103 nomine

325 2143 468 2209 Domini
512 2142 648 2209 Osanna
684 2145 718 2208 in
754 2143 903 2209 excelsis.
947 2143 1023 2236 19..
1025 2143 1137 2233 igitur
1169 2141 1423 2209 clementissime

325 2248 422 2314 Pater
435 2267 494 2331 per
510 2246 621 2312 Iesum
636 2245 806 2313 Christum
823 2248 944 2313 Filium
960 2258 1056 2313 tuum
1074 2246 1256 2313 Dominum
1272 2255 1422 2313 nostrum

323 2352 488 2436 supplices
503 2371 659 2437 rogamus
673 2350 728 2417 et⁷
744 2352 890 2436 petimus
905 2353 954 2416 uti
971 2361 1111 2437 accepta
1127 2350 1252 2417 habeas
1270 2359 1304 2416 et
1320 2352 1421 2417 bene·

324 2461 415 2573 dicas
436 2505 518 2571 haec
542 2461 638 2583 doira,
659 2504 742 2570 haec
768 2461 914 2586 muhera,
937 2505 1021 2572 haec
1043 2460 1156 2572 saricta
1179 2503 1338 2570 sacrificia
1359 2456 1422 2569 illi*-

324 2607 438 2673 bata⁸.
472 2609 626 2693 Inprimis
641 2628 727 2693 quae
741 2608 803 2673 tibi
825 2606 994 2674 offerimus
1009 2629 1070 2693 pro
1086 2608 1222 2674 ecclesia
1237 2616 1296 2673 tua
1309 2616 1423 2673 sancta

326 2710 519 2790 catholica0,
542 2730 643 2794 quam
667 2710 849 2795 pacificare,
874 2712 1050 2788 custodire,
1074 2713 1221 2776 adunare
1244 2720 1279 2776 et
1307 2730 1422 2795 regere

327 2815 471 2900 digneris
491 2824 566 2881 toto
588 2815 667 2880 orbe
678 2814 706 2854 ¹⁰
727 2825 897 2894 terrarum,
918 2835 986 2880 una
1007 2834 1084 2878 cum
1107 2812 1231 2880 famulo
1252 2821 1313 2879 tuo
1334 2832 1423 2897 papa

328 2927 442 2983 nostro
456 2917 518 2982 Illo
533 2926 567 2984 et
581 2918 728 2983 antistite
748 2928 863 2983 nostro
877 2916 940 2983 Illo
959 2918 1115 3001 episcopo
1124 2916 1161 2980 ¹¹.
1201 2917 1376 3007 Memento
1385 2912 1423 2994 ¹²,

329 3022 483 3098 Domine,
514 3020 712 3086 famulorum
751 3021 1015 3104 famularumque
1044 3029 1183 3099 tuarum,
1213 3030 1248 3085 et
1277 3021 1424 3086 omnium

329 3125 665 3204 circumadstantium,
686 3143 827 3207 quorum
851 3124 913 3190 tibi
936 3122 1020 3189 fides
1043 3124 1192 3207 cog-nita
1218 3132 1277 3198 est,
1296 3134 1330 3188 et
1345 3132 1499 3199 notasse

329 3229 474 3307 devotio,
498 3227 555 3312 qui
586 3226 645 3293 tibi
676 3226 818 3292 offerunt
843 3226 908 3293 hoc
935 3225 1130 3292 sacrificium
1161 3226 1268 3291 laudis
1298 3245 1359 3311 pro
1388 3245 1425 3292 sc

328 3332 461 3414 suisque
484 3331 644 3407 omnibus,
660 3351 721 3415 pro
745 3331 974 3414 redemptione
996 3331 1180 3394 animarum
1203 3349 1347 3410 suarum,
1365 3350 1426 3414 pro

329 3454 389 3521 spe
410 3433 525 3499 salutis
550 3444 585 3500 et
609 3432 844 3501 incolumitatis
866 3454 945 3499 suae
955 3431 993 3512 ¹³,
1014 3434 1075 3497 tibi
1098 3433 1241 3499 reddunt
1264 3443 1344 3500 vota
1365 3453 1427 3500 sua

329 3550 465 3606 aeterno
480 3539 555 3604 Deo
570 3559 648 3606 vero
663 3548 697 3604 et
708 3540 792 3605 viv0.
832 3536 1130 3626 §ommunicantes
1139 3537 1166 3577 ¹⁴
1182 3546 1216 3603 et
1232 3540 1424 3604 memoriam

256 3650 260 3662 '
329 3654 522 3710 venerantes
542 3644 689 3727 inprimis
708 3643 874 3726 gloriosae
894 3662 1092 3726 semperque
1100 3641 1126 3680 ¹⁶
1146 3642 1279 3727 virginis
1299 3643 1426 3710 Mariae

328 3747 495 3832 genitricis
519 3747 582 3813 Dei
608 3758 643 3814 et
665 3747 806 3813 Domini
828 3747 932 3813 nostri
955 3746 1031 3811 Iesu
1058 3745 1188 3823 Christi,
1210 3747 1269 3812 sed
1290 3756 1325 3813 et
1346 3747 1424 3812 bea·

328 3862 438 3917 torum
450 3851 477 3890 ¹⁰
507 3853 733 3935 apostolorum
767 3870 806 3916 ac
840 3860 1025 3934 martyrum
1062 3859 1199 3916 tuorum·
1231 3850 1316 3915 Petri
1353 3850 1424 3916 et¹¹

331 3956 432 4035 Pauli,
441 3955 608 4036 Andreae,
626 3955 749 4035 Iacobi,
765 3955 910 4033 Ioannis,
924 3954 1078 4020 Thomae
1089 3953 1124 4035 ¹⁸,
1139 3954 1261 4033 Iacobi,
1273 3954 1425 4040 Philippi,

331 4059 586 4138 Bartholomaei,
602 4060 775 4138 Matthaei,
790 4060 939 4126 Simonis
953 4069 988 4124 et
1003 4059 1184 4138 Thaddaei,
1200 4059 1284 4136 Lini,
1299 4058 1425 4139 Cleti¹⁹,

332 4165 524 4244 Clementis,
539 4161 686 4247 Xysti²⁰‚
710 4163 864 4243 Cornelii,
886 4161 1055 4249 Cypriani,
1081 4163 1259 4240 Laurentii,
1282 4162 1427 4246 Chryso-

331 4268 418 4354 goni,
452 4267 586 4333 Ioannis
618 4279 652 4333 et
685 4268 788 4344 Pauli,
816 4268 959 4333 Cosmae
988 4277 1023 4333 et
1053 4267 1217 4343 Damiani‚
1248 4261 1425 4355 [Dionysii

334 4367 488 4458 Rustici]‚
499 4380 532 4435 et
545 4370 738 4448 Eleutherii,
752 4367 899 4458 [Hilarii,
911 4371 1056 4449 Martini,
1066 4371 1253 4452 Augustini,
1265 4369 1424 4453 Gregorii,

334 4475 543 4558 Hieronymi,
567 4469 750 4561 Benedicti]
763 4472 789 4512 2¹
812 4484 847 4539 et
869 4474 1017 4540 omnium
1040 4484 1226 4539 sanctorum
1247 4482 1379 4538 tuorum
1390 4469 1425 4548 ²²,

334 4599 473 4662 quorum
496 4578 620 4643 meritis
640 4579 857 4662 precibusque
879 4579 1040 4644 concedas
1062 4587 1098 4643 ut
1120 4577 1152 4642 in
1175 4576 1328 4643 omnibus
1349 4597 1427 4662 pro-

335 4684 486 4750 tectionis
516 4693 594 4749 tuae
624 4682 811 4749 muniamur
840 4684 967 4749 auxilio
980 4681 1014 4750 ²³.
1061 4684 1122 4749 Per
1152 4681 1320 4748 Christum
1356 4681 1426 4747 Do-
