3352 5828
305 391 347 473 76
591 399 719 456 LIBER
739 397 1124 456 SACRAMENTORUM
1313 396 1404 464 [lali.

123 571 194 624 R..s
348 561 490 628 Oremus
524 570 558 627 et
595 583 657 647 pro
695 562 851 628 omnibus
889 562 1062 647 episcopis,
1092 562 1301 647 presbyteris,
1333 562 1419 649 dia-⁶

122 638 264 768 3:324
304 665 451 744 conibus,
496 666 764 746 subdiaconibus,
800 665 951 750 acolytis,
992 665 1172 745 exorcistis,
1216 665 1404 745 lectoribus,

123 766 247 834 Menoe
305 768 455 850 ostiariis,
492 767 743 848 consessoribus,
779 769 971 854 virginibus,
1000 770 1118 849 viduis,
1153 778 1187 835 et
1222 791 1284 855 pro
1314 768 1405 835 omni

305 873 442 959 populo
446 881 564 938 sancto
578 874 654 939 Dei
673 900 695 956 γ
739 872 893 938 Oremus.

349 978 435 1042 Item
452 978 635 1042 annuntiat
647 977 802 1043 diaconus
816 986 975 1061 utsupra.

125 1103 158 1157 R
166 1103 196 1222 Sb-
351 1097 574 1182 Omnipotens
587 1099 788 1183 sempiterne
804 1098 906 1174 Deus,
916 1097 1008 1164 cuins
1021 1095 1146 1182 Spiritu
1160 1106 1269 1164 totum
1286 1117 1405 1182 corpus

124 1170 266 1302 1>le
306 1202 464 1270 ecclesiae
483 1201 708 1269 sanctificatur
728 1211 762 1268 et
781 1203 917 1288 regitur,
937 1201 1058 1267 exaudi
1079 1221 1141 1268 nos
1162 1222 1223 1286 pro
1246 1201 1407 1267 universis

125 1302 195 1354 Men
206 1300 248 1368 ⁶3·
306 1306 478 1372 ordinibus
499 1307 735 1392 supplicantes,
750 1317 788 1373 ut
803 1307 931 1391 gratiae
946 1314 1024 1372 tuae
1041 1326 1175 1371 munere
1192 1306 1236 1371 ab
1250 1305 1407 1370 omnibus

307 1409 382 1496 [tibi
398 1405 571 1499 gradibus]
581 1406 608 1450 ²⁴
623 1409 765 1476 fideliter
779 1411 951 1476 serviatur.
996 1411 1067 1477 Per.
1081 1437 1102 1493 γ

125 1544 158 1596 R.
169 1543 196 1597 ε.
352 1530 510 1597 ·Oremus
543 1539 578 1596 et
608 1552 669 1616 pro
700 1529 984 1596 Christianissimo
1012 1529 1211 1614 imperatore
1241 1529 1293 1595 vel
1329 1538 1478 1614 regensi

124 1610 265 1741 ffisse
306 1633 457 1701 nostro²⁶
478 1634 543 1712 Ill,
564 1645 601 1700 ut
625 1635 718 1699 Deus
741 1633 990 1719 omnipotens²⁶
1011 1633 1163 1699 subditas
1189 1632 1285 1697 illisii
1309 1632 1407 1700 iaciat

126 1739 248 1806 Menon
307 1759 422 1804 omnes
444 1738 601 1804 barbaras
624 1738 777 1804 nationes
796 1738 840 1803 ad
864 1749 1013 1804 nostram
1031 1746 1224 1821 perpetuam
1239 1757 1365 1821 pacem.
1387 1765 1409 1823 γ

308 1841 462 1909 Oremus.

349 1947 433 2012 Item
447 1946 628 2012 annuntiat
641 1946 796 2012 diaconus
814 1955 975 2029 utsupra.

126 2069 203 2187 Rau
169 2068 196 2122 S
351 2066 574 2152 Omnipotens
586 2067 787 2151 sempiterne
799 2068 892 2132 Deus
893 2067 969 2150 ,qui
979 2066 1087 2151 regnis
1102 2067 1259 2139 omnibus
1274 2075 1408 2133 aeterna

126 2135 266 2265 1³32}
306 2180 473 2256 potestate
495 2168 718 2251 dominarisii,
735 2173 860 2256 respice
878 2171 1044 2254 propitius
1058 2170 1102 2236 ad
1124 2170 1317 2235 Romanum
1332 2171 1409 2236 sive

126 2266 196 2320 Mea
209 2264 250 2330 ⁶³·
309 2276 512 2341 Francorum
522 2273 549 2316 ³⁹
571 2274 768 2359 benignus
759 2275 945 2360 imperium,
966 2283 1005 2339 ut
1028 2282 1147 2357 gentes
1172 2294 1259 2359 quae
1283 2273 1318 2339 in
1347 2294 1408 2339 sua

308 2378 438 2445 feritate
460 2377 632 2445 confidunt
653 2379 814 2444 dexterae
832 2387 911 2444 tuae
933 2378 1084 2463 potentia
1093 2377 1121 2417 ³⁰
1136 2378 1407 2461 comprimantur.

310 2482 381 2548 Per.
392 2510 413 2566 γ

128 2612 199 2666 RS.
354 2593 498 2660 Oremus
507 2604 542 2660 et
556 2614 616 2679 pro
631 2593 879 2660 catechumenis
894 2593 1070 2670 nostris,ut
1085 2594 1178 2659 Deus
1193 2601 1227 2659 et
1243 2592 1408 2657 Dominus

128 2679 205 2796 ffil
212 2689 268 2811 ‚⁷⁵⁹3
310 2707 422 2763 noster
433 2698 603 2781 adaperiat
617 2717 713 2763 aures
728 2697 995 2781 praecordiorum
1006 2695 1409 2780 ipsorum³¹‚1anuamque

129 2810 199 2863 Men.
212 2810 252 2874 ⁶3·
311 2800 562 2877 misericordiae,
585 2810 623 2865 ut
645 2820 704 2884 per
726 2799 893 2868 lavacrum
917 2800 1170 2885 regenerationis
1197 2809 1335 2884 accepta
1358 2820 1408 2865 re·

313 2905 468 2971 missione
483 2906 630 2969 omnium
645 2914 867 2988 peccatorum,
876 2901 1264 2989 digni⁸²1nvenianturm
1276 2902 1410 2970 Christo

316 3007 390 3073 lesu
408 3007 556 3072 Domino
572 3016 694 3072 nostro.
717 3034 738 3090 γ
781 3007 933 3073 Oremus.

355 3110 549 3176 Annuntiat
560 3109 714 3175 druconus
731 3119 769 3174 ut
780 3119 890 3193 supra.

131 3245 201 3298 Rs
357 3221 580 3307 Omnipotens
603 3223 804 3307 sempiterne
825 3223 929 3301 Deus,
944 3222 1001 3304 qui
1023 3222 1194 3288 ecclesiam
1210 3232 1303 3288 tuam
1322 3242 1409 3288 nova

131 3311 209 3429 33·
216 3322 273 3442 ἕξ
313 3346 445 3412 semper
474 3326 568 3410 prole
595 3325 762 3402 fecundas,
785 3345 873 3409 auge
898 3324 999 3390 fidem
1029 3334 1063 3392 et
1087 3325 1290 3392 intellectum
1321 3335 1410 3391 cate-

131 3441 254 3507 Menos
313 3429 486 3496 chumenis
515 3430 642 3505 nostris,
664 3437 702 3495 ut
725 3429 836 3496 renati
863 3428 954 3495 fonte
981 3428 1199 3514 baptismatis,
1221 3429 1411 3513 adoptionis

313 3541 391 3599 tuae
405 3533 482 3598 filiis
496 3544 728 3618 aggregentur
773 3525 847 3598 Per.
861 3561 883 3617 γ

132 3676 204 3731 Rs
358 3654 509 3732 Oremus,
518 3653 723 3721 dilectissimi
738 3654 846 3735 nobis,
862 3653 974 3720 Deum
991 3654 1123 3720 Patrem
1137 3654 1409 3739 omnipotentem,

132 3743 272 3873 {fig}
313 3769 352 3825 ut
384 3759 512 3826 cunctis
550 3757 711 3823 mundum
747 3767 869 3843 purget
906 3758 1076 3835 erroribus,
1106 3757 1238 3828 morbos
1274 3757 1409 3836 auferat,

133 3873 253 3938 Memor.
312 3861 435 3928 famem
464 3861 620 3945 depellat,
642 3862 770 3946 aperiat
793 3882 949 3941 carceres,
972 3860 1102 3927 vincula
1123 3861 1292 3938 dissolvat,
1317 3881 1408 3945 pere-

311 3966 516 4050 grinantibus
540 3965 692 4044 reditum,
712 3965 955 4032 infirmantibus
977 3965 1160 4043 sanitatem,
1180 3966 1411 4050 navigantibus

313 4080 446 4154 portum
460 4069 577 4136 salutis
592 4069 773 4154 indulgeat.
794 4097 817 4154 γ
860 4070 1013 4137 Oremus.

356 4174 549 4240 Annuntiat
559 4173 714 4240 diaconus
728 4185 768 4239 ut
782 4184 892 4258 supra.

134 4318 205 4371 Rs
358 4294 580 4381 Omnipotens
617 4296 820 4380 sempiterne
855 4296 972 4374 Deus,
988 4304 1188 4361 moestorum
1218 4295 1411 4376 consolatio,

135 4384 274 4514 {3⁶be
313 4399 534 4464 laborantium
563 4399 734 4479 fortitudo,
765 4399 957 4484 perveniant
986 4399 1029 4464 ad
1055 4410 1090 4464 te
1118 4419 1231 4488 preces
1260 4399 1306 4463 de
1330 4420 1412 4483 qua·

136 4516 203 4569 Men
216 4513 257 4581 ⁶4
315 4522 457 4588 cumque
477 4503 691 4592 tribulatione
713 4503 942 4584 clamantium,
957 4513 996 4567 ut
1015 4523 1127 4568 omnes
1140 4502 1253 4601 sibim
1271 4503 1410 4570 necessi-

316 4608 440 4673 tatibus
465 4609 533 4673 suis
559 4585 815 4677 misericordiam
843 4616 936 4674 tuam
962 4609 1128 4691 gaudeant
1155 4608 1305 4673 adfuisse
1350 4605 1413 4673 Per

317 4711 508 4780 Dominum.
529 4738 550 4794 γ
