3352 5828
656 832 885 890 soranam.
1255 846 1274 913 3
1276 839 1317 909 57

356 1038 360 1058 .
410 994 529 1082 [Eodem
550 998 595 1059 die
612 996 684 1059 Nat.
706 994 764 1059 SS.
784 998 891 1058 Luct'ae
909 1006 936 1059 et
956 997 1126 1061 Geminiani.
1344 1007 1421 1060 Geth.
1433 1021 1478 1073 pp.

330 1113 530 1175 infirmitatem
551 1123 680 1175 noscant
700 1132 729 1194 q.
750 1112 826 1174 Dne.
846 1114 987 1194 propitius

329 1211 409 1275 Vota
427 1213 530 1293 populi
548 1213 589 1274 tui
609 1212 685 1274 Dne.
705 1213 847 1295 propitius
867 1213 984 1275 intende

329 1311 445 1373 Exaudi
465 1311 542 1374 Dne.
560 1331 662 1392 preces
682 1323 795 1374 noscas
815 1322 845 1374 et
865 1308 1047 1396 sanctourm]

1344 1083 1399 1140 ιη,
1410 1072 1466 1140 178.

354 1469 501 1546 Oratam
513 1469 625 1531 Menesi
638 1468 765 1548 Septimi.
806 1467 864 1528 Do
875 1467 961 1530 Dono.
974 1470 1014 1529 ad
1026 1467 1057 1530 S.
1071 1469 1191 1531 Petrum
1200 1471 1219 1529 ¹.

330 1584 457 1647 Absolve
477 1605 506 1667 q.
526 1585 601 1646 Dne.
622 1595 740 1647 tuorum
760 1584 867 1647 delicta

332 1683 371 1758 Q.
392 1701 421 1744 ο.
440 1682 479 1745 D.
499 1703 599 1764 preces
618 1695 733 1746 noscas
753 1683 862 1763 respice

332 1781 392 1846 Pr0
411 1793 528 1845 nostrae
547 1783 688 1845 servitutis
707 1791 866 1861 augmento

332 1879 400 1942 VD.
420 1882 500 1957 Quia
519 1899 611 1960 quum
631 1881 718 1943 lande

332 1979 371 2054 Q.
392 1999 420 2042 o.
440 1979 479 2044 D.
499 1991 532 2041 nt
552 1998 627 2059 quos
648 1980 745 2042 divina

391 2131 444 2192 xii
459 2128 531 2192 Kal.
555 2129 615 2192 Oct.
642 2130 702 2209 Vig.
722 2129 756 2193 S.
775 2129 922 2192 Matthaei
938 2130 995 2207 Ap.
1014 2137 1041 2189 et
1058 2127 1173 2210 Evcng.

331 2244 379 2306 Da
400 2246 487 2307 nobis
508 2263 538 2308 o.
558 2244 597 2307 D.
616 2255 649 2307 nt
669 2245 746 2307 beati
767 2244 908 2306 Matthaei

332 2343 521 2422 Apostolicae
541 2344 715 2406 reverentiae
735 2343 850 2405 culmen

334 2440 369 2504 B.
391 2441 533 2504 Matthaei
553 2442 745 2522 evangelistae
765 2461 794 2522 q.
814 2440 882 2504 Dae

420 2651 423 2655 .
450 2603 493 2663 xi
507 2599 579 2662 Kar.
602 2601 660 2664 Oct.
681 2600 754 2663 Nat.
774 2599 807 2662 S.
826 2600 971 2661 Matthaei
988 2599 1103 2678 Evang.

336 2713 420 2777 Beati
441 2715 634 2795 evangelistae
655 2715 796 2777 Matthaei
815 2714 891 2776 Dne.
911 2716 1044 2794 precibus

338 2812 604 2893 Supplicationibus
623 2815 788 2894 apostolicis
808 2817 837 2876 b.
858 2813 1000 2875 Matthaei

336 2912 404 2973 VD.
427 2913 487 2988 Qui
506 2913 657 2976 ecclesiam
678 2924 758 2974 tuam
777 2914 807 2973 in
827 2914 883 2973 tuis

336 3010 482 3092 Perceptis
501 3011 578 3075 Dnc.
598 3011 784 3074 memmentis
803 3013 889 3073 beato
910 3010 1060 3074 Matthaeo
1162 3033 1166 3040 ·

653 3159 737 3220 Attice
759 3159 912 3220 Οναὶὡηιε.

337 3275 380 3335 Sit
400 3274 477 3339 Dne.
497 3275 527 3336 b.
548 3274 713 3337 Matthaeus
732 3274 906 3354 evangelista

338 3372 458 3434 Praesta
478 3394 507 3453 q.
528 3393 557 3434 0.
576 3373 614 3433 D.
635 3383 668 3433 ut
688 3374 738 3453 qui
758 3374 862 3451 iugiter

573 3521 663 3582 Fertis
683 3524 713 3583 io
733 3522 775 3581 cd
789 3519 822 3582 S.
842 3519 986 3581 Martiam.

336 3635 552 3697 Misericordiae
572 3645 637 3696 tuae
657 3636 792 3697 remediis
811 3652 840 3713 q.
860 3634 936 3695 Due.
957 3635 1097 3712 fragilitas

336 3733 457 3794 Praesta
476 3751 505 3812 q.
526 3732 603 3794 Dne.
622 3731 747 3792 familiae
768 3733 940 3810 supplicanti

320 3830 375 3892 eD.
395 3832 446 3913 qui
467 3831 504 3893 de
524 3831 570 3892 his
590 3840 683 3892 terrae
702 3828 844 3891 fructibus

340 3927 422 4013 [VD.
443 3929 503 4004 Qui
524 3948 580 3990 nos
599 3928 666 3991 ideo
685 3926 826 4011 collectis]

338 4029 492 4090 Sumentes
513 4026 589 4089 Dne.
609 4025 689 4090 dona
708 4027 843 4088 caelestia

600 4175 691 4235 Fertis
711 4178 745 4235 vi
762 4177 803 4235 ad
819 4174 973 4253 Apostolos.

340 4292 458 4353 Praesta
478 4312 507 4372 q.
528 4310 559 4353 ο.
577 4291 617 4351 D.
636 4301 669 4352 ut
689 4292 905 4352 observationes

342 4390 473 4469 Accepta
493 4391 544 4451 tibi
564 4391 622 4451 sint
640 4389 717 4451 Dne.
738 4409 767 4469 q.
788 4389 877 4449 nostri
897 4387 976 4450 dona
995 4388 1094 4449 ieiunii

341 4484 443 4573 [eVD.
464 4488 525 4550 Sub
537 4500 611 4550 'tuae
631 4489 789 4549 maiestatis
807 4488 860 4566 pio
878 4487 1013 4567 iustoque
1033 4484 1247 4571 moderamine]

342 4587 383 4664 Q.
402 4605 432 4651 o.
448 4587 485 4648 D.
504 4597 537 4648 ut
555 4587 593 4648 de
612 4588 755 4667 perceptis
774 4586 942 4648 muneribus

492 4735 613 4798 Saddcto
632 4737 674 4796 cd
689 4734 723 4798 S.
742 4734 862 4796 Petram
882 4738 913 4796 tit
934 4738 988 4797 xii
1003 4735 1078 4798 Μ.

342 4851 456 4914 Trione
476 4871 505 4932 q.
526 4850 657 4913 fidelius
676 4852 733 4912 tuis

342 4949 392 5012 Da
410 4951 496 5012 nobis
515 4970 544 5029 q.
565 4967 593 5010 o.
612 4949 650 5010 D.
670 4960 703 5010 nt
722 4948 879 5011 ieiunando

341 5048 380 5110 D.
400 5049 544 5110 hnmanae
564 5047 663 5110 salutis
683 5057 819 5126 operator

518 5160 1058 5229 *nnamfflrmpmm
