3352 5828
49 745 51 749 ’
135 744 281 808 Gerb115.

317 387 381 454 174
597 374 727 431 arnan
746 346 1138 430 saanME'nuonuM
1253 371 1420 438 urana

736 546 992 603 Postoommum

135 679 162 732 s
360 661 581 747 Quaesumus,
610 659 765 740 Domine,
795 669 833 726 ut
864 660 1041 726 beatorum
1074 667 1258 742 martyrum
1286 666 1422 724 tuorum

316 767 421 833 Nerei
438 776 473 832 et
486 763 656 831 Achillei⁸
670 763 962 850 deprecationibus
981 773 1187 830 sacramenta
1207 771 1322 829 sancta
1335 781 1422 847 quae

317 873 521 958 sumpsimus
537 871 580 936 ad
594 879 673 937 tuae
687 870 785 936 nobis
799 869 974 956 proficiant
984 866 1181 956 placationis
1194 877 1421 952 augmentum

318 976 392 1041 Per.

352 1105 361 1136 ¹
378 1103 468 1168 Nerei,
476 1103 594 1165 Achillei,
603 1109 627 1154 et
636 1102 775 1155 Pmcratll
782 1101 809 1154 S.
820 1102 898 1154 Gerb
908 1118 915 1162 3
932 1101 1014 1152 Nerei
1021 1099 1165 1152 aeschines·
1171 1107 1197 1151 el
1206 1097 1342 1151 Pancrale'r‘
1350 1098 1422 1150 Pam.

318 1169 428 1223 'Nerei
444 1170 557 1222 Achillei
571 1175 596 1220 el
614 1171 701 1236 (alque
718 1168 802 1235 Pam.)
821 1167 959 1220 fueratis·
974 1167 1001 1219 S.
1021 1167 1098 1219 Gerb.
1116 1166 1186 1217 an.
1317 1163 1426 1216 'Nem‘

319 1236 433 1289 Achillei
441 1237 484 1289 vel
491 1241 578 1303 (atque
588 1235 671 1299 Pena)
681 1235 820 1287 Pmcratr'l
829 1233 855 1286 S·
866 1234 944 1287 Gerb.
955 1233 1027 1286 Pam.

134 812 205 864 Pam.
218 823 276 876 ²9²·

836 1475 912 1532 xx

380 1591 426 1656 Iu
451 1590 600 1682 Nesaea
623 1602 856 1656 sancronuu
879 1590 997 1654 anu
1021 1601 1071 1652 ur
1093 1586 1335 1652 Mnacsmnu
1344 1583 1367 1652 ¹.

728 1711 766 1775 lv
785 1709 876 1775 Non.
897 1710 1026 1777 Iunias.

140 1841 168 1895 S.
367 1832 526 1898 Laetetur
548 1830 686 1896 ecclesia
707 1840 774 1911 tua,
792 1830 895 1907 Deus,
918 1840 1104 1914 martyrum
1126 1841 1259 1896 tuorum
1283 1830 1372 1895 Petri
1393 1837 1429 1894 et

278 1942 286 1956 '
323 1933 529 2004 Marcellini²
544 1933 669 2001 confisa
682 1933 857 2020 suffragiis,
869 1945 971 2019 atque
984 1955 1101 2000 eorum
1112 1934 1264 2020 precibus
1278 1934 1429 2020 gloriosis

322 2050 359 2107 et
372 2041 494 2107 devota
508 2037 723 2125 permaneat⁸
737 2048 773 2105 et
786 2059 901 2106 secura
915 2040 1086 2106 consistat
1131 2039 1218 2105 Per.-

800 2186 947 2244 suoram.
1442 2179 1503 2237 647

365 2299 499 2379 Votiva,
523 2299 682 2380 Domine,
703 2319 842 2365 munera
863 2299 1050 2366 deferentes
1073 2300 1106 2364 in
1129 2308 1261 2365 tuorum
1285 2298 1374 2365 Petri
1395 2309 1430 2365 et

143 2446 213 2498 ,m
227 2415 292 2510 ³0ss
324 2402 533 2471 Marcellini⁴
550 2402 759 2488 martyrum⁶
773 2403 936 2488 passione,
953 2403 1010 2470 et·
1033 2412 1128 2469 tuam
1150 2401 1429 2488 magnificentiam

145 2512 282 2574 Meu-104·
323 2528 528 2588 veneramur,
556 2518 592 2573 et
621 2527 782 2592 peream
812 2506 910 2573 nobis
940 2507 1158 2591 imploramus
1187 2515 1265 2573 tuae
1295 2507 1430 2591 pietatis

326 2609 501 2677 auxilium.
545 2612 617 2676 Per.

750 2704 1004 2762 Postoommun.

146 2839 173 2891 s
372 2817 594 2903 Quaesumus,
616 2817 773 2895 Domine,
798 2829 838 2883 ut
863 2817 1061 2883 salutaribus
1086 2817 1202 2903 repleti
1233 2817 1398 2901 mysteriis
1407 2816 1431 2895 ⁷,

147 2905 224 2957 ω’·
237 2916 293 2968 ¹³²·
327 2942 470 3008 quorum
486 2922 648 2988 solemnia
668 2921 874 2987 celebramus
895 2921 1102 2988 orationibus
1124 2923 1327 2988 adiuvemur.
1371 2922 1433 2986 Per

330 3026 561 3106 Dominumy
634 3098 636 3100 v

148 3167 173 3219 s
374 3145 661 3212 Intereedentibus
679 3146 801 3211 sanctis
820 3144 897 3225 tuis,
913 3144 1060 3210 Domine
1068 3142 1092 3223 ⁸,
1107 3145 1196 3230 plebi
1210 3156 1288 3210 tuae
1302 3153 1433 3230 praesta

147 3232 296 3362 ξῇἶξὲξῖῗ·
328 3249 531 3314 subsidium:
565 3259 604 3314 ut
632 3248 676 3313 ab
705 3248 860 3313 omnibus
888 3249 1000 3313 noxiis
1028 3250 1196 3333 expedita,
1221 3259 1342 3314 cuncta
1369 3250 1433 3314 sibi

148 3364 217 3415 Mau
234 3376 290 3428 104.
327 3351 500 3436 profutura
514 3352 682 3436 percipiat.
726 3353 797 3417 Per.

360 3495 371 3527 ¹
387 3495 539 3546 Marcellini
546 3501 572 3546 el
581 3495 658 3546 Petri
666 3494 692 3546 S.
703 3495 781 3546 Gerb.
791 3496 863 3545 Ptm.
874 3494 943 3545 Men.
1024 3493 1035 3523 ¹
1045 3493 1196 3545 Marcellini
1203 3502 1227 3546 el
1237 3495 1311 3546 Petri
1319 3495 1345 3546 S.
1356 3495 1434 3547 Gerb.

326 3561 337 3591 ⁸
355 3567 458 3611 mancat
476 3560 511 3611 8¹.
649 3560 659 3591 ⁴
674 3560 828 3611 Marcellini
842 3566 867 3610 et
884 3560 960 3609 Petri
975 3559 1006 3609 8¹
1026 3559 1117 3620 Gerb.;
1140 3561 1172 3612 V.
1192 3560 1219 3610 8¹
1237 3560 1307 3611 an.
1327 3576 1356 3611 u
1372 3568 1434 3612 text.

267 3649 272 3660 ·
327 3625 338 3656 ⁸
355 3626 388 3676 V.
400 3627 488 3676 inserts
497 3631 528 3676 el.
617 3624 628 3656 ⁸
643 3626 671 3676 S¹
682 3626 759 3676 Gerla
771 3625 841 3677 Meu.
851 3625 923 3676 Pam.
934 3626 998 3675 omit
1009 3632 1040 3676 cl.
1130 3624 1140 3654 ¹
1159 3627 1189 3688 Q.
1200 3626 1268 3676 Dm.
1279 3626 1435 3677 salutaribus

327 3690 418 3808 §.le
426 3691 552 3757 mysteriis
562 3698 592 3742 ut
601 3689 630 3742 δ’
641 3691 735 3754 Gerb.;
750 3690 783 3742 V.
794 3690 822 3742 δ’ι
832 3705 861 3741 ns
871 3697 931 3741 text.
1048 3691 1059 3721 ⁸
1074 3690 1141 3742 Men.
1153 3690 1240 3742 inserts
1251 3691 1400 3743 Marcillino
1409 3698 1435 3742 cl

350 3764 410 3808 clro.

831 3920 928 3977 m.

372 4037 470 4102 Isau
494 4050 535 4101 ru
559 4033 762 4120 [Nasam]
785 4032 1040 4102 sancronuu¹
1063 4036 1200 4102 cuum
1224 4036 1390 4103 Nesoms

752 4152 802 4203 ar
824 4139 1006 4206 annnrt.

708 4259 832 4326 Pridie
852 4261 906 4325 Id.
927 4263 1057 4327 Iunias.

150 4407 177 4460 S.
374 4378 597 4446 Sanctorum'
634 4380 760 4464 Cyrini,
798 4380 955 4461 Naboris,
993 4392 1028 4446 et
1065 4382 1186 4447 Nazari
1223 4403 1434 4467 quaesumus,

151 4471 301 4601 ffiss?
332 4486 488 4563 Domine,
512 4485 663 4550 natalitia
684 4486 782 4552 nobis
799 4483 903 4549 vota⁴
927 4485 1178 4570 resplendeant:
1200 4497 1234 4552 et
1255 4488 1348 4572 quod
1369 4487 1434 4554 illis

152 4604 292 4666 Men.105.
332 4589 474 4656 contulit
495 4588 729 4654 excellentiam
751 4589 1015 4674 sempiternam⁶
1041 4589 1200 4657 fructibus
1222 4600 1354 4657 nostrae
1376 4593 1434 4657 de·

151 4668 235 4720 Leon.
248 4681 303 4732 144
330 4695 475 4759 votionis
490 4701 616 4760 crescat
624 4692 647 4757 ⁸.
692 4693 757 4758 Per
771 4693 967 4761 Dominum.
