3352 5828
285 409 347 477 132
567 401 696 458 LIBER
716 399 1101 459 SACRAMENTORUM
1230 395 1385 469 [trmvu

284 563 534 630 miserationum
550 575 681 631 tuarum
698 565 936 631 immanissima
956 563 1114 650 supplicis
1130 563 1178 630 tui
1195 562 1386 629 remittatur

285 667 448 754 impietas,
464 679 499 734 et
513 670 721 736 aberrantem
736 668 867 753 longius
881 671 925 735 ab
946 669 1062 734 itincre
1076 667 1191 734 salutis
1205 663 1385 732 aeternae·

286 781 345 837 tua
381 772 535 856 dignetur
570 793 726 839 revocare
758 774 921 839 maiestas
965 773 1040 838 Nos
1076 782 1188 838 autem
1227 772 1313 838 sicut
1349 771 1384 834 in

287 877 492 960 exequendis
519 876 687 960 mysteriis
715 876 781 942 tuis
807 878 987 963 probamur
1018 876 1156 960 indigni,
1187 877 1235 941 ita
1260 874 1303 939 de
1326 884 1385 941 tua

288 999 402 1045 sumus
435 980 647 1046 miseratione
675 980 866 1058 certissimi3
902 988 937 1047 et
969 981 1014 1046 ob
1042 980 1107 1046 hoc
1132 999 1199 1044 non
1225 978 1386 1044 audemus

289 1084 464 1150 revertenti
489 1092 590 1168 atque
612 1083 758 1168 pulsanti
778 1083 1053 1151 reconciliationis
1074 1083 1205 1150 iammm
1225 1082 1387 1160 claudere,

289 1187 342 1254 cui
355 1189 400 1254 ad
416 1188 645 1254 revertendum
668 1189 776 1255 cordis
798 1188 911 1255 oculos
933 1198 968 1255 te
989 1186 1185 1254 confidimus
1207 1185 1387 1263 revelasse3

289 1299 324 1358 et
339 1291 416 1359 licet
429 1293 558 1359 actione
567 1293 579 1332 ¹
588 1293 811 1378 poenitentiae
826 1302 932 1358 metas
946 1301 1134 1378 temporum
1150 1290 1389 1376 praeficiamus,

290 1405 404 1462 tamen
433 1396 512 1480 quia
537 1416 605 1462 non
631 1396 740 1463 solum
770 1397 858 1463 diem
876 1398 1016 1474 mortis,
1041 1395 1100 1461 sed
1124 1405 1159 1461 et
1179 1395 1389 1480 qualitatem
1403 1410 1463 1468 609

291 1500 435 1585 pectoris
472 1502 673 1586 ignoramus,
706 1501 753 1570 sic
788 1522 865 1567 eum
902 1501 946 1566 ad
984 1520 1077 1586 spem
1118 1498 1390 1567 reconciliationis

292 1603 501 1669 admittimus
509 1601 548 1685 ¹⁰,
570 1614 608 1669 ut
629 1604 784 1673 affectum
807 1606 890 1691 iugis
913 1604 1136 1691 poenitudinis
1159 1625 1225 1669 non
1246 1602 1391 1682 omittat,

293 1708 354 1773 sed
383 1709 517 1793 perenni
547 1708 675 1788 timore,
704 1710 859 1776 continua
887 1707 1126 1776 lamentatione
1159 1707 1333 1785 redivivus,
1356 1718 1392 1773 et

294 1801 576 1877 sacramentorum
613 1811 805 1879 caelestium
838 1812 1070 1880 communione
1116 1820 1281 1877 mereatur
1319 1829 1391 1874 esse

295 1924 482 2000 perpetuus.
529 1917 602 1981 Per.

649 2035 732 2104 Alia
742 2037 768 2076 ¹¹
783 2038 909 2104 minore
922 2046 1035 2105 aetate.

336 2158 438 2236 Deus,
454 2160 513 2243 qui
535 2159 705 2225 hominem
727 2160 770 2224 ad
792 2159 973 2244 imaginem
990 2169 1085 2225 tuam
1107 2159 1279 2226 conditum
1300 2158 1335 2223 in
1357 2157 1391 2224 id

291 2283 424 2346 reparas
439 2263 529 2348 quod
546 2264 672 2340 creasti,
688 2263 811 2348 respice
829 2263 993 2349 propitius
1010 2282 1110 2348 super
1123 2260 1210 2329 hunc
1228 2261 1391 2329 famulum

292 2376 398 2446 tuum,
427 2376 462 2433 et
487 2367 649 2450 quidquid
680 2367 886 2451 ignorantiae
915 2367 1019 2450 ipsius
1048 2366 1215 2433 haeretica
1245 2365 1392 2451 pravitas

292 2468 431 2554 irrepsit,
451 2465 689 2554 indulgentia¹¹
704 2479 781 2535 tuae
801 2469 936 2556 pietatis
959 2471 1114 2553 ignosce3
1136 2479 1174 2535 ut
1189 2471 1280 2553 quod
1295 2469 1330 2534 in
1350 2489 1393 2534 eo

293 2571 419 2638 diaboli
442 2570 557 2638 fraude
581 2573 794 2639 commissum
825 2582 886 2651 est,
912 2582 947 2638 et
973 2573 1121 2657 nequitia
1143 2571 1292 2639 Arianae
1317 2592 1392 2656 per·

294 2674 392 2741 fidiae
415 2676 538 2754 nocuit,
558 2696 624 2741 non
642 2675 673 2739 ei
697 2684 868 2762 reputetur
892 2676 937 2741 ad
962 2675 1105 2761 culpam,
1123 2677 1182 2743 sed
1207 2677 1392 2741 membrum

295 2778 449 2846 ecclesiae
458 2778 640 2846 catholicae
650 2781 849 2846 remissionis
860 2779 1150 2847 tuae¹¹clementia
1161 2777 1396 2860 reformetur¹⁴,

296 2892 334 2949 ut
348 2882 391 2947 ad
401 2881 428 2923 ¹¹
444 2883 603 2949 altaribus
621 2882 730 2959 sacris,
745 2894 878 2969 recepta
893 2884 1041 2949 veritatis
1058 2894 1135 2949 tuae
1153 2886 1397 2962 communione,

296 2987 463 3053 reddatur.
507 2986 577 3051 Per.

607 3132 693 3196 Item
709 3131 779 3198 αΙὶα
788 3131 813 3171 ¹¹
831 3134 955 3199 minore
971 3142 1085 3198 aetate.

341 3252 436 3317 Deus
457 3251 594 3316 humani
616 3253 743 3336 generis
769 3255 920 3320 conditor
944 3264 979 3321 et
1005 3255 1203 3338 redemptor,
1226 3252 1318 3318 Deus
1339 3251 1396 3338 qui

298 3355 460 3422 iacturam
482 3354 705 3421 similitudinis
727 3365 762 3422 et
783 3341 937 3441 imaginis
960 3367 1036 3422 tuae
1058 3357 1239 3423 secundum
1263 3356 1397 3421 divitias

297 3458 457 3525 bonitatis
471 3460 505 3523 in
521 3457 555 3524 id
569 3479 701 3543 reparas
715 3460 806 3546 quod
824 3462 953 3539 creasti,
970 3461 1094 3546 respice
1114 3460 1275 3545 propitius
1298 3480 1398 3545 super

298 3562 387 3629 hunc
415 3561 576 3628 famulum
605 3574 700 3628 tuum
713 3585 734 3643 ;¹
757 3563 830 3629 ut¹¹
861 3564 1024 3649 quidquid
1053 3564 1259 3649 ignorantiae
1294 3564 1398 3648 ipsius

299 3666 477 3733 necessitas
506 3665 698 3732 hostilitatis
725 3667 868 3748 influxit,
900 3668 1128 3752 indulgentiae
1158 3677 1236 3734 tuae
1264 3667 1399 3753 pietatis

299 3768 498 3854 ignosce¹¹3
519 3778 557 3836 ut
586 3769 619 3835 in
647 3790 688 3834 eo
713 3772 766 3838 cui
795 3771 904 3838 adhuc
933 3771 1149 3855 intelligentia
1174 3772 1303 3856 integra
1331 3791 1399 3836 nou

299 3874 455 3960 suppetit,
470 3872 552 3938 nihil
567 3884 739 3958 reputetur
752 3876 797 3941 ad
811 3875 954 3961 culpam,
969 3875 1028 3941 sed
1043 3873 1196 3942 ecclesiae
1211 3875 1398 3941 membrum

300 3977 498 4044 remissionis
513 3987 591 4044 tuae
605 3978 811 4064 benignitate
826 3989 1043 4066 reputetur
1005 3977 1032 4019 ¹¹
1079 3979 1150 4045 Per

334 4147 344 4178 ¹
359 4148 447 4209 SoV
458 4148 589 4200 Tommssl
597 4156 711 4215 mggests
719 4150 828 4201 retanda
833 4166 864 4201 or
871 4165 1006 4208 recensere
1018 4150 1062 4202 the
1069 4148 1319 4215 iomerseemsto
1292 4148 1350 4215 ve
1357 4149 1401 4201 the

302 4214 381 4264 better
390 4229 475 4265 sense:
492 4214 616 4279 probably
626 4215 701 4265 nulla
711 4215 803 4266 should
814 4216 919 4268 boulla.
1004 4213 1017 4249 ¹
1033 4215 1190 4294 Tornmasl
1127 4231 1291 4346 copprea
1301 4222 1330 4266 to
1340 4214 1401 4266 read

298 4278 691 4396 fflffllioffotdldrroeddii}
698 4281 1041 4398 pgglgefmtezthfflphgilgg
1052 4282 1133 4397 ditihle
1127 4280 1224 4398 tent.b
1262 4279 1401 4396 ”³⁸¹⁷ae

301 4408 475 4461 themandoV.
592 4409 751 4475 ‘agrum
766 4412 1122 4490 Tomnrasisnggestsdrgnos.
1240 4410 1401 4472 'tuumV.3

303 4473 433 4525 Tomrnasl
447 4481 555 4526 correcte
571 4491 599 4526 as
614 4482 674 4526 teat.
778 4476 789 4507 ⁸
810 4477 1026 4543 longinquitatem,
1043 4492 1072 4527 so
1088 4477 1121 4528 V
1138 4476 1401 4542 (nngrammatieally).

302 4536 447 4590 ’κακίαν
440 4539 939 4608 ,theoorrectiouinthetextlssngges
940 4542 1029 4606 tedby
1039 4541 1177 4593 Tommesl.
1275 4539 1402 4592 'amna

304 4603 353 4666 V.3
370 4576 723 4658 ‘roninuioenectmtexe
821 4607 1140 4673 'acubuisthereadrng
1150 4607 1234 4671 olV.3
1251 4606 1403 4658 Tornmnsls

306 4679 356 4720 text
367 4670 413 4722 hu
422 4672 525 4735 actr'orsr‘,
537 4672 581 4723 but
591 4673 634 4723 the
644 4673 755 4724 ablative
765 4688 845 4725 secun
855 4682 949 4725 tore
986 4609 1140 4740 possible
1107 4689 1185 4724 smne
1290 4673 1310 4705 ¹⁰
1326 4673 1401 4724 anrit-

304 4737 384 4786 ramur
400 4737 463 4788 V
530 4737 549 4768 ¹¹
566 4737 697 4791 Tornmesi
713 4745 825 4806 sugguts
842 4739 884 4791 the
892 4674 1016 4792 quadum
1033 4739 1134 4805 οἶμαι
1152 4740 1197 4790 but
1213 4739 1309 4791 minore
1324 4745 1403 4790 mars
