3352 5828
286 733 377 806 lali]
596 739 810 798 ROMANAE
830 741 1073 803 ECCLESIAE.
1339 752 1378 823 77

326 903 470 971 Oremus
489 916 522 970 et
545 925 607 989 pro
628 906 802 972 haereticis
825 915 860 971 et
882 907 1107 986 schismaticis,
1131 919 1167 975 ut
1191 909 1284 976 Deus
1308 908 1379 978 et⁸⁸
1406 921 1476 974 les.

284 1008 449 1075 Dominus
476 1015 587 1075 noster
615 1019 708 1075 eruat
736 1031 793 1077 eos
822 1010 866 1076 ab
895 1013 1057 1078 erroribus
1083 1013 1250 1091 universis,
1275 1023 1309 1079 et
1334 1015 1378 1080 ad
1405 987 1547 1119 ξέξξέ

284 1122 432 1180 sanctam
456 1123 595 1180 matrem
617 1113 788 1181 ecclesiam
814 1114 1011 1184 catholicam
1037 1124 1139 1202 atque
1162 1118 1379 1203 apostolicam
1395 1117 1528 1187 ‚Mm-

210 1223 276 1285 582-
285 1236 440 1283 revocare
453 1217 609 1302 dignetur
619 1216 657 1282 ⁸⁴.
673 1246 706 1301 y·
746 1218 896 1286 Oremus.

327 1319 520 1388 Anrrurrtr’at
531 1321 685 1388 dracones
698 1333 859 1406 utsupra.

254 1497 258 1510 ·
329 1458 552 1544 Omnipotens
581 1460 780 1546 sempiterne
810 1460 911 1538 Deus,
941 1463 997 1546 qui
1026 1482 1142 1529 omnes
1171 1461 1318 1530 salvas⁸⁵
1346 1473 1381 1531 et
1406 1477 1476 1530 lest

285 1565 450 1631 neminem
476 1565 525 1630 vis
553 1565 669 1649 perire,
696 1565 821 1650 respice
847 1567 890 1632 ad
919 1567 1046 1633 animas
1072 1563 1237 1634 diabolica
1266 1568 1381 1634 fraude
1406 1543 1546 1676 ffissg

285 1670 450 1754 deceptas,
456 1679 493 1734 ut
503 1669 594 1734 omni
609 1669 776 1736 haeretica
791 1671 1003 1753 perversitate
1017 1671 1188 1755 depulsa³⁰
1200 1674 1381 1739 errantium
1406 1676 1476 1728 Meu
1487 1673 1530 1740 ⁶4

286 1774 386 1840 corda
406 1774 599 1858 resipiscant
621 1784 656 1842 et
680 1776 723 1841 ad
747 1775 893 1842 veritatis
917 1784 994 1841 tuae
1019 1778 1156 1843 redeant
1177 1776 1380 1844 firmitatem.

287 1878 349 1943 Per
363 1878 556 1976 Dominum.
573 1906 594 1962 γ

329 2015 472 2082 Oremus
498 2026 533 2082 et
562 2037 623 2101 pro
648 2017 782 2101 perfidis
810 2017 952 2095 Iudaeis,
975 2026 1012 2083 ut
1038 2019 1132 2084 Deus
1155 2027 1190 2084 et
1214 2018 1382 2086 Dominus
1406 2031 1440 2083 R.
1452 2029 1480 2084 S.

286 2130 396 2186 noster
417 2119 546 2186 auferat
564 2120 715 2186 velamen
735 2109 785 2187 de'
801 2122 954 2187 cordibus
977 2141 1102 2201 eorum,
1117 2131 1155 2189 ut
1172 2133 1207 2189 et
1223 2123 1286 2207 ipsi
1304 2143 1381 2208 cog·
1406 2096 1547 2227 ffifss

286 2221 459 2291 noscant⁸⁷
476 2223 647 2291 Christum
664 2225 775 2291 lesum
792 2226 973 2292 Dominum
990 2235 1185 2309 nostrumy
1229 2227 1381 2295 Oremus.
1407 2225 1530 2294 mmor„

326 2327 521 2396 Annuntiat
531 2329 688 2396 diaconus
702 2341 741 2395 ut
752 2339 862 2414 supra.

328 2465 551 2552 Omnipotens
573 2467 774 2552 sempiterne
796 2469 897 2547 Deus,
911 2467 966 2552 qui
989 2468 1089 2535 etiam
1116 2461 1286 2534 iudaicam
1309 2487 1383 2552 per·
1408 2473 1478 2527 RS

286 2569 400 2637 fidiam
437 2590 459 2636 a
494 2578 554 2637 tua
590 2572 813 2638 misericordia
842 2592 908 2639 non
938 2572 1078 2656 repellis,
1108 2572 1231 2638 exaudi
1268 2592 1382 2656 preces
1407 2539 1549 2671 19⁶2}ss

287 2683 426 2754 nostras,
434 2695 518 2760 quas
533 2674 593 2740 tibi
603 2673 633 2714 ³⁸
643 2695 703 2759 pro
717 2674 804 2740 illius
816 2675 931 2760 ‚populi
946 2677 1179 2742 obcaecatione
1193 2673 1382 2753 deserimus,
1408 2671 1477 2724 ΜΕ»
1486 2669 1531 2736 ⁶4

288 2785 325 2843 ut
345 2777 479 2861 cognita
504 2777 653 2844 veritatis
679 2788 755 2844 tuae
780 2779 969 2864 luce,·quae
1000 2779 1150 2845 Christus
1180 2788 1240 2858 est,
1265 2801 1287 2847 a
1315 2779 1384 2846 suis

287 2879 434 2947 tenebris
449 2888 613 2948 eruantur.
658 2881 721 2947 Per
737 2882 930 2949 Dominum.
945 2908 965 2965 γ

332 3015 475 3083 Oremus
505 3027 540 3085 et
568 3039 629 3103 pro
660 3019 808 3104 paganis,
832 3028 869 3084 ut
897 3020 990 3084 Deus
1019 3019 1231 3103 omnipotens
1257 3018 1383 3085 auierat
1408 3031 1477 3085 Rs

287 3118 495 3203 iniquitatem
505 3121 532 3162 ⁸⁹
547 3141 568 3187 a
590 3098 746 3188 coidibus
763 3142 887 3198 eorum,
902 3132 936 3188 et
955 3122 1076 3188 relictis
1095 3121 1194 3188 idolis
1209 3122 1286 3202 suis,
1302 3143 1381 3187 con·
1408 3098 1547 3228 ξιζᾞ

286 3233 456 3291 vertantur
475 3225 517 3290 ad
542 3227 655 3290 Deum
663 3223 691 3265 ⁴⁰
705 3246 828 3304 verum,
842 3234 877 3291 et
891 3226 1022 3291 unicum
1039 3226 1160 3291 Filium
1179 3225 1251 3292 eius
1270 3226 1381 3291 lesum
1408 3228 1477 3281 stes
1489 3229 1530 3294 ⁶4

242 3352 248 3359 ¹
288 3323 455 3392 Christum
472 3329 658 3394 Dominum
674 3339 831 3406 nostrum,
842 3348 917 3394 curn
932 3349 1000 3412 quo
1013 3328 1093 3396 vivit
1108 3337 1142 3395 et
1156 3338 1273 3413 regnat
1289 3329 1383 3395 Deus

286 3431 320 3495 in
335 3431 461 3497 unitate
476 3430 622 3516 Spiritus
636 3433 741 3498 sancti
750 3429 826 3513 ⁴¹.y
869 3430 1020 3498 Oremus

328 3533 519 3601 Annuntiat
529 3535 683 3602 almanus
697 3544 855 3619 utsupra

330 3670 553 3755 Omnipotens
582 3672 783 3757 sempiterne
809 3672 902 3738 Deus
924 3672 981 3757 qui
1006 3692 1072 3737 non
1100 3682 1241 3740 mortem
1265 3693 1382 3758 pecca·
1409 3689 1480 3742 RS.

287 3785 398 3844 torum
424 3779 483 3842 sed
508 3777 612 3843 vitam
638 3797 767 3862 semper
795 3776 941 3860 inquiris,
966 3777 1097 3861 suscipe
1122 3777 1284 3862 propitius
1309 3798 1383 3843 ora·
1407 3756 1546 3884 QZ}

287 3881 411 3946 tionem
442 3889 601 3960 nostram,
629 3889 663 3947 et
692 3880 795 3946 libera
824 3901 881 3947 eos
910 3880 954 3946 ab
989 3881 1153 3946 idolorum
1182 3880 1321 3958 cultura,
1348 3891 1383 3947 et
1408 3884 1530 3951 Men-⁶4

287 4003 432 4069 aggrega
454 3983 611 4049 ecclesiae
634 3991 713 4049 tuae
731 3992 865 4052 sanctae
881 3984 924 4051 ad
947 3984 1080 4049 laudem
1102 3993 1138 4050 et
1158 3983 1299 4070 gloriam
1323 4003 1381 4049 no·

289 4087 387 4154 minis
400 4088 459 4154 tui.
503 4089 610 4170 Pery

331 4226 421 4291 Istas
448 4227 609 4291 oranhnes
639 4236 739 4309 supra
769 4227 907 4309 scn'ptas
941 4226 1080 4310 expletas
1088 4223 1122 4304 ⁴¹,
1152 4225 1382 4309 ingrediuntur
1407 4243 1439 4297 lt

287 4329 418 4396 diaconi
430 4330 465 4396 in
478 4330 624 4396 sannio
633 4327 671 4395 ⁴².
699 4330 888 4397 Procedant
898 4351 971 4397 eum
985 4340 1113 4415 corpore
1126 4340 1160 4396 et
1170 4328 1382 4413 sanguinis⁴²

288 4432 429 4499 Domini
454 4432 540 4516 quod
564 4444 641 4499 ante
668 4433 721 4499 de'e
744 4436 925 4501 remansit:
951 4446 984 4501 et
1000 4443 1131 4519 ponunt
1152 4443 1247 4517 super
1267 4432 1382 4500 altare.

289 4536 343 4603 Et
362 4535 453 4603 venit
470 4538 615 4603 sacerdes
635 4549 711 4603 ante
731 4527 847 4620 altare,
869 4537 1012 4605 aderam
1035 4557 1161 4603 erucem
1189 4536 1329 4603 Domini
1340 4546 1383 4601 -et

290 4640 446 4706 osculans.
487 4641 632 4708 Etde'ce't
645 4639 798 4708 Oremus.
842 4644 895 4707 Et
913 4641 1059 4726 sequitur
1081 4640 1271 4726 Praeceptis
1292 4638 1379 4705 salu·

290 4743 418 4812 taribus
432 4744 558 4823 moniti,
567 4755 601 4809 et
611 4745 718 4811 oratio
727 4745 912 4812 Dominica.
932 4745 1014 4811 Inde
1024 4743 1146 4809 Libera
1160 4764 1220 4809 nos
1235 4743 1380 4809 Domine

289 4867 500 4933 quaesumus.
544 4847 635 4914 Haec
649 4851 758 4916 omnia
770 4848 894 4934 expleta
903 4847 940 4930 ⁴²,
954 4848 1096 4915 oderam
1115 4867 1221 4915 omnes
1234 4856 1379 4913 sanctam

286 4972 410 5020 crucem
425 4963 458 5018 et
469 4953 714 5019 communicant.
