3352 5828
777 384 1008 444 APPEIVDIX.

447 546 528 632 [VD.
550 550 608 625 Qui
630 552 659 611 in
680 552 813 612 omnium
835 550 1017 635 sanctorum]

450 651 492 712 Ut
512 651 596 712 nobis
615 649 692 710 Dne.
714 660 763 710 tua
783 652 925 713 sacrificia
946 654 1017 714 dent

447 747 678 810 Misericordiam
698 757 779 809 tuam
800 748 877 811 Dne.
898 751 984 811 nobis

447 845 519 931 [ιο.
539 865 562 909 s.
583 846 621 908 D.
642 848 688 908 cui
709 858 814 909 cuncta
833 849 1010 910 famulantur
1030 845 1186 932 elementa]

447 944 579 1030 [eSancti
599 945 674 1007 Due.
692 946 871 1009 'confessoris
891 949 932 1009 tui
953 947 977 1006 I
983 943 1018 1030 1.]

743 1103 781 1165 In
795 1104 868 1166 Nat.
890 1104 1048 1184 idiginum.

447 1219 486 1280 D.
506 1220 556 1301 qui
576 1221 649 1281 inter
669 1230 783 1281 caetera
802 1221 947 1299 potentiae
968 1231 1035 1282 tuae
1056 1227 1146 1292 (Gerb.
1159 1229 1219 1291 πη)

448 1316 501 1402 [1).
522 1320 573 1400 qui
593 1336 648 1380 nos
667 1319 754 1380 hodie
775 1321 877 1382 beatae
898 1331 927 1381 et
946 1317 1078 1402 sanctae]
1137 1368 1142 1377 .

448 1418 571 1479 Hostias
590 1419 642 1478 tibi
662 1417 739 1478 Dne.
759 1419 861 1496 beatae
881 1418 930 1480 Ill.
951 1421 1085 1498 martyris

450 1512 550 1599 [sVD.
572 1515 704 1578 Maxime
724 1516 810 1578 hodie
830 1519 860 1577 in
880 1514 999 1601 beatae]
1057 1541 1059 1544 ·

449 1615 593 1676 Adiuvcnt
613 1633 668 1676 nos
689 1635 718 1694 q.
740 1614 816 1677 Dne.
838 1626 867 1677 et
888 1617 960 1678 haec

448 1712 558 1809 D.'qui
579 1714 653 1776 inter
673 1724 787 1775 caetera
808 1715 955 1795 potentiae
976 1726 1042 1776 tuae
1064 1721 1152 1786 (Gerb.
1166 1722 1225 1785 224)

630 1879 668 1940 In
681 1881 754 1942 Nat.
767 1881 967 1942 Plurrinorum
981 1880 1159 1942 Samiorum.

449 1994 568 2056 Praesta
587 1995 662 2056 Dne.
684 2014 712 2073 q.
733 2007 765 2056 ut
785 1997 860 2057 sicut
880 2008 1047 2058 sauctorum

450 2093 546 2155 Sancti
567 2094 607 2154 tui
628 2113 655 2172 q.
676 2094 753 2156 Dne.
774 2095 876 2173 iugiter
896 2095 981 2156 nobis

449 2190 575 2253 Munera
595 2192 687 2271 plebis
706 2204 772 2253 tuae
793 2192 869 2254 Dne.
890 2212 919 2271 q.
939 2194 1092 2254 beatorum

450 2288 516 2352 VD.
537 2289 575 2350 Et
595 2301 623 2352 te
643 2290 675 2350 in
695 2301 812 2352 tuorum
832 2293 943 2353 honore

324 2442 327 2452 ,
449 2389 487 2448 Et
508 2388 640 2450 natalitiis
661 2399 829 2451 sauctorum
850 2390 925 2451 Dne.
946 2401 975 2451 et
996 2392 1168 2451 sacramenti

451 2483 578 2568 [Adesto
596 2485 672 2548 Dne.
694 2488 802 2567 populo
822 2499 874 2549 tuo
896 2507 965 2550 cum
985 2484 1166 2570 sanctorum]

451 2581 689 2665 [Magnificantes
709 2584 785 2648 Dne.
806 2587 990 2648 clementiam
1010 2582 1105 2669 tuam]

453 2678 515 2764 [Da
535 2683 619 2744 nobis
639 2700 666 2744 o.
689 2683 727 2744 D.
748 2686 778 2744 in
799 2698 967 2747 sanctorum
988 2679 1119 2765 tuorum]

453 2776 641 2861 [Sanctorum
662 2791 778 2842 tuorum
799 2782 848 2844 Ill.
870 2779 1028 2864 suffragiis]

453 2874 583 2960 [Exaudi
603 2897 659 2940 nos
679 2897 707 2939 o.
729 2891 759 2940 et
780 2899 818 2941 m.
840 2881 878 2942 D.
899 2891 930 2942 et
949 2877 1131 2962 sanctorum]

453 2976 564 3037 Tribue
584 2995 613 3054 q.
633 2976 711 3037 Dne.
732 2990 849 3040 sanctos
869 2989 935 3040 tuos
955 2980 1060 3058 iugiter

641 3131 681 3192 In
695 3132 766 3193 Nat.
779 3134 977 3194 Plurr'morum
993 3141 1158 3212 martyrum.

453 3246 491 3308 0.
512 3266 537 3307 a.
557 3247 595 3306 D.
615 3249 665 3326 qui
687 3267 740 3327 per
759 3249 887 3326 gloriosa
906 3250 982 3310 bella
1212 3326 1216 3338 Ι

330 3360 332 3365 ·
452 3343 505 3429 [Ο.
527 3365 550 3407 s.
569 3345 608 3406 D.
629 3348 679 3425 qui
700 3348 730 3406 in
751 3358 917 3409 sanctorum
937 3359 1054 3410 tuorum
1075 3344 1225 3432 cordibus]

455 3445 577 3506 Salutari
596 3446 738 3507 sacrificio
758 3445 836 3507 Due.
856 3447 982 3526 populus
1002 3456 1070 3507 tuus

451 3542 519 3602 VD.
540 3543 590 3622 qui
609 3554 778 3605 sanctorum
798 3554 957 3624 martyrum

434 3642 637 3703 *celebrantes
657 3661 732 3720 quae
752 3661 806 3721 pro
827 3655 987 3721 martyrum

453 3737 514 3822 [Ad
534 3740 732 3801 defensionem
753 3742 881 3802 fidelium
901 3741 977 3803 Dne.
999 3761 1027 3820 q.
1049 3738 1213 3823 dexteram]

453 3837 525 3923 [so.
545 3850 574 3900 et
594 3858 633 3900 m.
654 3840 692 3899 D.
714 3840 843 3900 fidelium
864 3841 963 3901 lumen
982 3836 1159 3922 animarum]

452 3939 590 4000 Concede
610 3958 639 4017 q.
660 3958 688 4000 o.
709 3938 747 3999 D.
768 3951 800 4000 ut
820 3949 992 4000 sanctorum

452 4035 658 4120 &Sanctorum
678 4048 836 4118 martyrum
858 4050 972 4100 tuorum
994 4038 1044 4098 Ill.
1066 4036 1137 4121 nos]

452 4133 504 4218 [O.
526 4156 548 4197 s.
570 4136 607 4195 D.
629 4137 678 4215 qui
700 4156 755 4197 nos
775 4138 897 4198 idoneos
918 4156 980 4197 non
1002 4135 1080 4219 esse]

699 4292 751 4376 [In
764 4293 904 4355 Ban‘lz'cr‘s
917 4295 1096 4372 Martyrum.

453 4410 668 4487 indulgentiam
689 4411 773 4472 nobis
793 4410 869 4472 Due.
892 4429 920 4488 q.
941 4428 963 4470 s.
984 4409 1034 4469 Ill.

434 4508 631 4569 *Sacrificium
651 4508 727 4569 Due.
749 4509 829 4587 quod
849 4508 1046 4570 desideranter

452 4607 520 4669 VD.
540 4607 618 4680 Quia
639 4607 709 4667 dum
729 4609 759 4668 b.
780 4607 829 4667 Ill.
851 4609 953 4668 merita

452 4705 532 4766 Beati
553 4706 602 4765 Ill.
625 4707 756 4785 martyris
775 4705 850 4767 Dne.
873 4704 1029 4789 suffragiis]
