3352 5828
278 756 300 809 1.
311 757 390 826 aaa]
588 758 802 817 nonanus
821 758 1067 817 recurras.
1312 770 1374 838 143

278 923 420 1010 purgati,
435 922 669 1008 indulgentiam
688 924 836 990 omnium
855 918 1055 990 ¹delictorum
1069 932 1130 990 tuo
1150 943 1284 990 munere
1297 945 1376 992 con·

278 1036 467 1111 sequantur.
511 1027 616 1110 Peny

324 1147 545 1232 Omnipotens
565 1148 762 1232 sempiterne
779 1149 881 1225 Deus,
895 1148 969 1214 sons
992 1148 1141 1215 omnium
1163 1149 1323 1216 vinorum
1341 1156 1376 1215 et
1400 1155 1466 1222 Eeb·
1479 1166 1519 1272 εἰ

280 1250 452 1337 plenitudo
483 1251 671 1336 gratiarum,
700 1253 838 1336 dignare
874 1250 1017 1317 eadem⁸
1052 1273 1147 1318 sacro
1183 1252 1376 1339 baptismati
1400 1220 1479 1353 ἓξὼ

281 1353 496 1440 praeparata¹
519 1356 700 1422 maiestatis
723 1365 800 1422 tuae
822 1356 1010 1441 praesentia
1035 1375 1235 1436 consecrare,
1259 1357 1376 1440 utqui

281 1459 403 1543 ubique
425 1467 515 1524 totus
536 1479 571 1523 es
583 1458 605 1539 ⁸,
626 1459 728 1525 etiam
749 1459 803 1526 bic
825 1459 941 1525 adesse
962 1468 998 1526 te
1020 1461 1053 1525 in
1077 1460 1200 1526 nostris
1225 1458 1377 1546 precibus

281 1563 471 1629 sentiamus.
516 1563 585 1628 Per.
754 1622 892 1682 somn

326 1734 473 1822 Suscipe,
492 1755 699 1820 quaesumus,
725 1735 878 1816 Domine,
897 1756 1009 1822 preces
1032 1744 1164 1802 nostras
1187 1756 1262 1803 cum
1285 1734 1378 1802 obla·
1402 1740 1468 1808 ugb.
1481 1753 1523 1806 ss·

283 1839 427 1906 tionibus
450 1839 714 1924 supplicantum:
737 1849 772 1906 et
794 1840 939 1907 concede
962 1840 1133 1926 propitius,
1155 1848 1193 1906 ut
1214 1839 1377 1925 quidquid

282 1944 336 2011 hic
359 1964 483 2009 novum
509 1943 719 2029 regenerandi
742 1963 801 2030 per
824 1943 988 2028 Spiritum
1012 1953 1163 2013 sanctum
1186 1943 1378 2029 acceperint,

283 2056 340 2114 tua
355 2048 462 2134 gratia
476 2045 534 2113 fiat
549 2056 728 2113 aeternum.
772 2048 844 2112 Per.

327 2168 404 2233 VD.
428 2168 491 2233 Per
507 2166 677 2234 Christum
693 2168 878 2234 Dominum
893 2178 1051 2235 nostrum.
1091 2169 1154 2233 Per
1168 2186 1266 2252 quem
1281 2166 1380 2233 nobis

285 2270 539 2354 regenerationis
556 2280 693 2336 exortus
709 2280 761 2336 est
773 2267 796 2347 ⁴,
814 2279 853 2336 ut
874 2270 931 2354 qui
953 2290 1012 2356 per
1032 2267 1196 2336 carnalem
1218 2268 1380 2354 originem

286 2374 441 2440 mortales
455 2375 489 2440 in
501 2374 565 2442 hoc
575 2373 725 2441 saeculo⁶
740 2394 944 2452 veneramus,
960 2375 1003 2439 ad
1019 2394 1112 2459 spem
1126 2373 1215 2439 vitae
1229 2382 1381 2438 aeternae

286 2499 331 2544 ex
359 2500 447 2564 aqua
475 2487 510 2544 et
539 2479 665 2565 Spiritu
694 2487 812 2545 sancto
838 2498 1090 2544 renasceremur.
1146 2476 1247 2562 Quod
1272 2497 1381 2544 sacra-

287 2592 435 2649 mentum
459 2583 593 2667 pietatis
614 2592 701 2661 tuae,
716 2582 870 2660 Domine,
881 2592 919 2647 ut
939 2576 1059 2672 [hoc]·
1074 2582 1149 2649 loco
1164 2590 1236 2649 tota
1253 2582 1381 2666 gratiae

286 2697 363 2753 tuae
400 2687 548 2772 potentia
575 2685 765 2767 celebretur,
793 2686 957 2772 supplices
985 2686 1049 2752 tibi
1085 2686 1148 2753 hoc
1186 2683 1380 2752 sacrificium

289 2790 396 2855 laudis
418 2790 595 2869 offerimus,
609 2791 819 2857 obsecrantes
842 2791 1099 2858 misericordiam
1121 2799 1226 2866 tuam,
1247 2798 1285 2855 ut
1305 2787 1382 2855 huic

289 2893 373 2959 sonti
402 2895 558 2960 virtutem
588 2892 732 2979 Spiritus
760 2894 809 2961 tui
840 2894 1060 2960 indesinenter
1089 2892 1273 2978 praesidere
1301 2911 1380 2959 con·

289 2997 387 3064 cedas
396 3023 405 3076 ;
427 3018 495 3082 quo
509 3007 673 3082 operante,
685 2997 867 3082 omnesqui
879 2998 915 3062 in
925 2995 1138 3064 haecfluenta
1147 2994 1382 3071 descenderint,

289 3101 334 3165 ab
355 3101 578 3165 universorum
600 3100 773 3167 criminum
793 3101 956 3185 contagiis
977 3100 1156 3179 emundati,
1171 3108 1205 3165 et
1225 3106 1383 3183 perpetua

290 3178 548 3271 sanctificatibne
563 3204 703 3289 purgati,
719 3203 803 3269 libro
818 3204 935 3269 beatae
949 3205 1037 3269 vitae
1052 3212 1238 3269 mereantur
1252 3202 1382 3267 ascribi.

290 3308 359 3372 ¹³⁶¹·
688 3364 977 3424 musmonem.

331 3479 429 3546 Hanc
453 3479 552 3563 igitur
573 3478 785 3556 oblationem,
810 3497 911 3562 quam
935 3478 995 3544 tibi
1025 3475 1193 3542 offerimus
1222 3477 1255 3541 in
1283 3475 1383 3541 huius

290 3584 532 3650 consecratione
567 3582 762 3668 baptisterii,
797 3601 1006 3666 quaesumus,
1043 3581 1196 3660 Domine,
1233 3578 1383 3663 placatus

290 3686 450 3772 accipias3
473 3695 506 3751 et
521 3695 579 3750 tua
598 3687 722 3769 pietate
741 3687 913 3761 concedas,
930 3694 967 3750 ut
984 3702 1213 3768 quoscumque
1230 3681 1304 3748 sons
1320 3683 1402 3770 iste,

290 3790 457 3857 lavaturus
485 3799 544 3869 est,
571 3790 720 3855 omnium
756 3789 929 3855 criminum
964 3788 1146 3854 abolitione
1181 3795 1382 3872 purgentur3

216 3902 277 3959 619
291 3905 390 3979 atque
418 3893 548 3959 famulis
577 3894 644 3959 tuis
673 3893 902 3959 conditoribus
924 3893 1116 3958 mercedem
1147 3892 1246 3957 tamti
1275 3890 1384 3974 operis

291 3998 472 4081 promissae
498 3996 717 4062 retributionis
742 3997 923 4079 impendas
977 3994 1090 4080 Quam
1114 3994 1316 4061 oblationem
1345 4003 1383 4060 tu

292 4102 392 4167 Dm
707 4160 960 4217 Postoommun.

336 4273 531 4359 Multiplica,
543 4273 696 4352 Domine,
707 4272 974 4339 benedictionem
985 4280 1089 4352 tuam,
1101 4280 1136 4336 et
1149 4291 1208 4357 per
1222 4269 1384 4355 Spiritum
1408 4290 1476 4358 Q
1486 4304 1528 4356 53„

291 4378 342 4445 tui
368 4375 530 4444 muneris⁷
560 4375 660 4442 fidem
689 4385 837 4442 nostram
868 4377 1066 4456 corrobora3
1098 4374 1218 4458 utqui
1244 4375 1277 4439 in
1302 4373 1383 4440 haec
1408 4357 1547 4475 Ρῶζῦ

291 4480 415 4548 fluenta
428 4479 681 4557 descenderint
696 4501 755 4546 eos
776 4481 810 4545 in
833 4481 918 4546 libro
937 4481 1027 4546 vitae
1049 4479 1168 4546 ascribi
1186 4478 1300 4544 iubeas
1308 4477 1331 4554 ⁹,
1350 4477 1383 4542 in
1410 4503 1451 4555 59·

291 4606 393 4671 regno
408 4585 470 4651 tibi
486 4585 560 4651 Deo
575 4585 663 4651 Patri
679 4586 713 4650 in
728 4586 965 4651 resurrectione
979 4583 1168 4650 tradendos
1214 4582 1284 4646 Per.
1299 4608 1320 4664 γ

708 4746 765 4804 Ad
778 4747 807 4803 Ρ
891 4760 961 4804 nm.

336 4859 527 4944 Propitiare,
543 4859 693 4935 Domine,
706 4745 947 4937 familizliluae,
962 4810 997 4924 et
1012 4857 1174 4942 benignm
1189 4855 1385 4923 humilitatis
1409 4866 1528 4986 &⁶1

292 4974 424 5030 nostrae
446 4973 526 5030 vota
547 4963 736 5042 sanctium
758 4971 792 5028 et
804 4961 833 5003 ¹⁰
862 4982 980 5029 omnes
1002 4964 1037 5027 in
1059 4962 1123 5029 hoc
1145 4961 1236 5029 fonte
1254 4980 1385 5046 tegerse
1410 5013 1451 5066 m

292 5069 413 5134 randos
428 5068 599 5133 universali
613 5069 793 5154 adoptione
808 5068 948 5135 custodi
993 5067 1065 5132 Per.
