3352 5828
312 420 356 483 42
603 410 731 468 LIBER
751 408 1136 469 SACRAMENYORUM
1279 406 1312 475 [i
1323 406 1413 459 xxviii.

779 635 946 693 XXVIII.

428 764 586 850 Qunam
609 767 820 833 Dournrcrr.
865 764 975 849 Quen
997 779 1069 832 mo
1092 777 1296 832 scauruuo

729 869 1005 937 caueamus&

359 1007 527 1087 Concede,
542 1007 700 1088 Domine,
717 1005 832 1073 electis
846 1005 975 1087 nostris,
989 1015 1026 1072 ut
1047 1005 1170 1073 sanctis
1191 1005 1301 1073 edocti
1324 1027 1414 1090 mys·

331 1111 407 1177 eriis
435 1120 470 1177 et
496 1120 695 1177 renoventur
720 1109 812 1176 fonte
840 1110 1059 1196 baptismatis,
1085 1119 1119 1176 et
1145 1111 1230 1176 inter
1255 1109 1415 1176 ecclesiae

314 1222 393 1280 tuae
409 1215 560 1281 membra
575 1223 796 1280 numerentur.
839 1214 906 1280 Per.

794 1360 938 1417 Secreta

134 1500 168 1551 p„
361 1474 498 1541 Exaudi
525 1494 596 1555 nos,
622 1474 832 1557 omnipotens
862 1475 963 1549 Deus,
987 1482 1022 1540 et
1051 1473 1191 1540 famulos
1218 1481 1304 1549 tuos,
1331 1494 1416 1558 quos

134 1564 284 1631 Gerb⁰²49·
316 1577 395 1645 fidei
420 1576 608 1644 Christiane
634 1576 787 1662 primitiis
813 1577 971 1658 imbuisti,
993 1577 1090 1644 huius
1115 1574 1264 1644 sacrificii
1290 1577 1417 1644 tribuas

317 1683 512 1766 operatione
526 1681 688 1747 mundari.
735 1682 806 1747 Per.

502 1785 607 1871 lnsra
631 1783 793 1852 Cononem
801 1783 824 1866 ²,
846 1784 904 1851 ubi
921 1795 1031 1869 supra.
1077 1784 1236 1870 Sequitur

130 1020 210 1137 l(ieri).
223 1098 279 1153 ²49·
314 1118 330 1176 t

744 1930 994 1989 Postoommum

137 2070 168 2120 p„
361 2044 552 2126 Concurrat,
580 2044 735 2123 Domine,
757 2065 954 2131 quaesumus
964 2043 987 2123 ⁸,
1009 2044 1152 2130 populus
1174 2055 1260 2124 tuus,
1283 2053 1318 2110 et
1342 2053 1417 2111 toto

137 2133 282 2200 ‘³⁸³¹'·²4⁹·
316 2149 377 2217 tibi
405 2148 504 2216 corde
528 2150 699 2216 subiectus
729 2149 887 2225 obtineat,
913 2157 951 2214 ut
979 2150 1024 2215 ab
1051 2150 1142 2216 omni
1168 2150 1419 2236 perturbatione

316 2273 459 2331 securus,
482 2262 517 2319 et
542 2252 734 2319 salvationis
757 2273 836 2318 suae
856 2253 979 2337 gaudia
1001 2261 1177 2339 promptus
1198 2262 1363 2330 exerceat,
1385 2263 1420 2319 et

318 2378 380 2443 pro
395 2354 652 2442 regenerandis⁴
667 2357 827 2442 benignus
843 2367 969 2424 exoret.
1013 2357 1085 2425 Per.

745 2500 802 2558 Ad
822 2501 1003 2571 Populum.

137 2628 169 2680 R
364 2614 468 2691 Deus,
493 2615 551 2698 qni
580 2635 685 2698 quum
714 2613 878 2680 salntem⁶
901 2614 1075 2681 hominum
1104 2635 1235 2701 semper
1263 2616 1420 2701 operaris,

138 2694 215 2747 ⁶³¹²·
227 2707 282 2759 ²⁴⁹·
320 2738 408 2784 nunc
422 2727 537 2784 tamen
552 2717 713 2804 populum
725 2728 821 2784 tuum
832 2720 939 2802 gratia
950 2717 1190 2785 abundantiore
1200 2718 1420 2804 multiplicas3

321 2822 447 2906 respice
462 2822 628 2906 propitius
650 2823 693 2888 ad
716 2819 911 2889 electionem
933 2832 1037 2901 tuam,
1052 2831 1089 2887 ut
1110 2832 1269 2905 paternae
1291 2831 1421 2907 protec-

321 2926 420 2992 tionis
436 2925 562 2991 auxilio
577 2934 612 2991 et
627 2927 867 3010 regenerandos
882 2925 1009 2991 munias
1025 2935 1060 2991 et
1075 2936 1219 2991 renatos.
1265 2927 1337 2991 Per.

637 3104 740 3170 Furia
762 3105 792 3170 ii
811 3103 966 3170 Hebdom.
990 3106 1114 3189 quinta.
1436 3110 1495 3166 ⁵30

140 3236 211 3287 Pam
222 3248 278 3297 ω.
368 3225 471 3302 Deus,
485 3225 544 3308 qui
558 3225 601 3289 ad
618 3224 798 3309 imaginem
814 3234 907 3291 tuam
921 3225 1086 3290 conditis⁰
1110 3225 1185 3292 ideo
1207 3226 1268 3291 das
1287 3235 1419 3309 tempo·

141 3301 183 3416 ἓξ·
195 3301 264 3351 ‘¹⁹¹¹
324 3327 405 3393 ralia
415 3336 452 3391 ut
464 3326 612 3411 largiaris
623 3338 766 3408 aeterna,
778 3328 948 3395 ecclesiam
962 3336 1056 3393 tuam
1067 3329 1204 3413 spiritali
1220 3329 1423 3395 fecunditate

143 3432 165 3482 C
195 3431 271 3483 Gerb·
325 3429 519 3516 multiplica,
543 3430 658 3516 utqui
680 3439 758 3497 sunt
779 3432 992 3516 generatione
1006 3433 1126 3498 terreni
1148 3432 1230 3499 fiant
1253 3454 1422 3519 regenera-

144 3499 200 3563 ²⁴⁸'
324 3535 416 3600 tione
430 3534 599 3600 caelestes.
644 3534 707 3598 Per
724 3535 914 3600 Dominum.

143 3648 299 3714 astulia.)
368 3637 507 3705 Adiuva
529 3659 590 3703 nos
614 3638 706 3703 Deus
729 3637 881 3705 salutaris
906 3647 1026 3716 noster,
1050 3648 1084 3703 et
1106 3639 1140 3702 in
1162 3637 1321 3704 sacrificio
1343 3637 1424 3705 ieiu-

145 3716 222 3769 Gerb
235 3725 277 3780 ⁴⁷·
325 3741 456 3808 niorum
471 3751 602 3809 nostras
616 3751 744 3807 mentes
759 3740 905 3826 purifica,
927 3741 985 3807 ut⁷
1004 3742 1048 3807 ad
1066 3742 1226 3809 beneficia
1241 3741 1425 3822 recolenda,

325 3845 446 3930 quibus
475 3866 537 3911 nos
566 3846 750 3911 instaurare
778 3845 934 3931 dignatus
963 3866 1009 3924 es,
1034 3843 1181 3911 tribuas⁷
1204 3847 1314 3912 venire
1343 3867 1424 3931 gau·

326 3949 442 4016 dentes
452 3947 475 4012 ⁸.
521 3948 594 4015 Per.

803 4046 947 4103 Secreta

146 4179 250 4231 nomin
371 4156 507 4222 Exaudi
532 4177 602 4238 nos,
627 4157 839 4243 omnipotens
867 4159 969 4239 Deus,
995 4170 1029 4225 et
1058 4158 1199 4224 famulos
1227 4168 1314 4236 tuos,
1340 4179 1426 4243 quos

146 4251 233 4312 supro.
326 4259 403 4326 fidei
426 4258 635 4326 Christianae
656 4261 814 4345 primitiis
834 4263 990 4342 imbuisti,
1009 4262 1107 4328 huius
1128 4261 1277 4330 sacrificii
1299 4262 1426 4328 tribuas

327 4363 519 4449 operatione
534 4364 697 4429 mundari.
742 4365 814 4429 Per.

754 4510 1005 4570 Postoommun.

374 4622 588 4692 Sanctificent
612 4646 683 4705 nos,
699 4625 854 4707 Domine,
869 4637 1003 4713 sumpta
1025 4626 1181 4711 mysteria
1203 4636 1237 4694 et
1259 4626 1426 4711 paschalis

331 4728 558 4797 observantiae
573 4728 791 4797 sufficientem
808 4732 904 4798 nobis
919 4732 1065 4798 tribuant
1081 4731 1282 4799 facultatem.
1329 4731 1403 4798 Per.
