3352 5828
313 397 378 466 304
595 386 721 445 LIBER
741 387 1129 446 SACRAMENTORUM
1268 388 1331 456 [lll.
1341 390 1414 445 xcvi.

790 560 993 620 morsu..

128 669 206 788 ‘dt
358 671 506 758 Suscipe,
543 693 753 758 quaesumus,
791 676 945 750 Domine,
980 674 1106 755 hostias
1146 674 1342 760 placationis
1378 685 1414 741 et

154 752 181 788 α
220 748 277 802 Μ
313 775 528 862 laudis,·quas
542 777 603 844 tibi
624 779 657 842 in
672 778 797 844 honore
819 780 923 847 sancti
944 781 1097 864 martyris
1112 764 1162 845 tui
1173 779 1272 846 Illius
1287 779 1423 845 nomini·

313 892 372 948 tuo
387 883 626 948 consecrandas
644 882 827 963 deserimus,
843 893 878 950 et
896 904 961 968 pro
983 885 1095 970 requie
1116 884 1231 950 famuli
1251 885 1301 975 tui
1313 883 1423 949 Illius·

313 986 495 1053 sacerdotis
509 985 570 1051 tibi
585 985 777 1071 suppliciter
792 987 1013 1053 immolamus.
1057 987 1130 1053 Per.

720 1130 1009 1190 Inttanotionam.
1420 1117 1497 1173 ‘⁷⁵⁵

361 1245 460 1311 Hanc
490 1244 592 1330 igitur
619 1244 831 1326 oblationem,
860 1265 962 1330 quam
991 1245 1051 1312 tibi
1083 1246 1117 1311 in
1154 1245 1280 1313 honore
1308 1247 1417 1313 sancti

185 1318 203 1369 b
244 1332 255 1368 ¹
319 1350 474 1434 martyris
488 1350 536 1415 tui
546 1349 653 1425 Illius,
667 1348 719 1414 vel
734 1369 795 1433 pro
805 1350 917 1435 requie
930 1349 1045 1415 famuli
1059 1351 1109 1415 tui
1123 1350 1222 1417 Illius
1235 1351 1418 1418 sacerdotis

319 1453 496 1531 offerimus,
513 1474 721 1538 quaesumus,
737 1454 893 1534 Domine,
908 1453 1058 1539 placatus
1073 1455 1209 1522 intende
1223 1477 1232 1536 3
1253 1476 1313 1540 pro
1328 1453 1418 1541 qua⁶

318 1557 483 1624 maiestati
511 1566 590 1638 tuae
626 1556 790 1643 supplices
825 1557 996 1624 fundimus
1030 1579 1153 1643 preces,
1183 1568 1221 1624 ut
1250 1557 1347 1626 eam³
1382 1559 1419 1625 in

318 1682 457 1728 numero
471 1671 661 1727 sanctorum
676 1662 735 1728 tibi
745 1661 945 1746 placentium
959 1661 1059 1728 iacias
1073 1662 1250 1748 dignanter
1263 1662 1419 1730 adscribi

319 1765 431 1851 Quam
446 1765 662 1861 oblationem.

746 1861 999 1918 Pontoommun.

362 1972 562 2039 Ascendant
586 1973 630 2039 ad
655 1982 699 2053 te,
726 1973 881 2051 Domine,
903 1993 1017 2057 preces
1044 1975 1198 2040 nostras⁸
1225 1984 1259 2040 et
1282 1973 1429 2042 anima⁸·

279 2074 287 2090 ’
320 2076 434 2142 famuli
450 2077 499 2141 tui
512 2077 611 2143 Illius
624 2077 746 2162 gaudia
756 2086 891 2144 aeterna
900 2077 1079 2162 suscipiant
1090 2077 1125 2158 ’ς
1147 2088 1186 2144 ut
1200 2099 1300 2162 quem
1315 2077 1422 2144 iecisti

319 2177 533 2265 adoptionis⁷
559 2182 763 2266 participem,
787 2181 901 2248 iubeas
926 2181 1120 2248 hereditatis
1143 2191 1222 2247 tuae
1246 2203 1319 2248 esse
1340 2203 1422 2249 con·

319 2295 452 2350 sortem.
498 2285 560 2349 Per
575 2284 765 2351 Dominum.

351 2409 1120 2480 ιΜιέςειι..Λιιτηιία...αὲισιιὶαμοῖἦιιιιςτιιιπιῑιῑίοιὶὶγ.
1243 2413 1421 2476 ’ωιίηιαν.;

319 2478 477 2540 maman:
494 2478 682 2531 leonmtext
761 2478 995 2546 ’leonhuaptsc
1023 2479 1035 2530 ι’
1043 2479 1230 2531 lorsacerdon's.
1303 2478 1378 2530 ‘ant'

319 2543 634 2596 V.=R.l.eon.nstext.
731 2543 990 2611 ⁸qu...em,so
1041 2496 1421 2623 nummario&

320 2609 409 2659 anim
424 2608 475 2660 had
492 2609 566 2660 stood
582 2610 608 2659 in
622 2609 665 2659 the
681 2609 754 2675 plnoe
769 2610 798 2660 oi
809 2610 895 2676 requie
910 2611 936 2660 in
950 2609 993 2662 the
1008 2609 1151 2661 antecedent
1169 2610 1263 2671 clanae,
1275 2626 1304 2661 ns
1319 2611 1346 2661 in
1362 2626 1421 2661 xciv

320 2673 418 2738 supra).
541 2674 1165 2741 'nostras...nm'ma...surcipiant,sobotb
1184 2675 1421 2741 V.(berecndin

321 2738 481 2855 :scuit'eixitnsml
493 2740 543 2790 and
553 2739 586 2790 R.
706 2737 717 2768 ¹
733 2739 887 2805 adoptionem
898 2741 929 2791 V.
941 2739 1014 2802 here;
1030 2741 1076 2790 but
1086 2739 1118 2790 R
1130 2741 1181 2790 end
1190 2741 1223 2792 V.
1236 2740 1262 2791 in
1273 2740 1337 2792 xcvii
1347 2739 1422 2806 infra

832 2921 954 2980 xow.

457 3052 575 3118 MISSA
599 3065 669 3117 PRO
692 3065 881 3118 DEFUNCTI
906 3065 1033 3117 NUPER
1056 3065 1249 3116 BAPTIZATI
1260 3051 1283 3117 ¹.

143 3201 174 3251 lc
370 3187 475 3265 Deus,
490 3189 547 3273 qui
562 3189 606 3255 ad
621 3188 764 3254 caeleste
775 3207 914 3271 regnum
929 3208 996 3253 non
1012 3189 1073 3253 nisi
1089 3189 1211 3254 renatis
1226 3209 1285 3272 per
1298 3209 1420 3273 aquam

144 3266 290 3395 ξξᾚέἕ
326 3300 360 3357 et
391 3291 552 3376 Spiritum
584 3301 733 3357 sanctum
765 3291 884 3374 pandis
913 3291 1091 3370 introitum,
1118 3290 1299 3375 multiplica
1321 3313 1422 3376 super

325 3395 470 3461 animam
502 3395 618 3461 famuli
646 3397 695 3461 tui
724 3395 825 3460 Illius
856 3395 1113 3461 misericordiam
1146 3405 1261 3462 tuamr
1297 3405 1332 3462 et
1368 3396 1421 3462 cui

212 3575 217 3586 ι
325 3500 457 3577 donasti
472 3500 612 3566 celerem
628 3509 663 3564 et
678 3500 974 3565 incontaminatum
984 3499 1159 3564 transitum
1173 3509 1251 3585 post
1265 3500 1423 3585 baptismi

326 3611 578 3680 sacramentum,
607 3604 651 3668 da
679 3603 710 3667 ei
739 3600 799 3669 et²
829 3611 1037 3667 aeternorum
1072 3600 1310 3686 plenitudinem
1341 3623 1423 3688 gau·

327 3708 468 3772 diorum.
511 3705 627 3789 Peny

371 3827 476 3904 Deus,
493 3828 550 3911 qui
566 3848 665 3894 omne
680 3826 833 3892 meritum
848 3835 1043 3893 vocatorum
1061 3827 1157 3891 donis
1171 3836 1249 3892 tuae
1264 3827 1424 3892 bonitatis

326 3931 495 4014 anticipas,
525 3931 705 4016 propitiare
736 3932 867 3996 animae
890 3929 1005 3995 famuli
1035 3930 1084 3995 tui
1109 3929 1216 4009 Illius,
1241 3929 1366 4015 quem⁸
1392 3932 1425 3995 in

327 4033 453 4100 finem⁴
470 4035 564 4102 istius
578 4036 668 4100 vitae
683 4034 939 4118 regenerationis
953 4035 1043 4099 unda
1059 4035 1230 4100 mundavit
1245 4057 1253 4115 ;
1275 4045 1310 4101 et
1324 4055 1426 4119 quem

328 4139 433 4205 iecisti
448 4159 515 4206 non
530 4139 648 4204 timere
662 4138 705 4204 de
720 4138 827 4223 culpa,
842 4137 895 4204 sac
909 4139 1054 4223 gaudere
1072 4139 1114 4204 de
1128 4140 1245 4225 gratia.
1289 4140 1359 4204 Per.

805 4287 951 4343 morsm.

146 4424 178 4474 R.
372 4399 563 4483 Propitiare,
592 4399 743 4477 Domine,
766 4398 1062 4483 supplicationibus
1085 4396 1206 4463 nostris
1231 4417 1292 4480 pro
1313 4397 1427 4462 anima

146 4486 222 4605 ἓξὲξ·
237 4498 292 4601 ὅξζ
329 4502 443 4567 samuli
463 4503 513 4568 tui
535 4502 643 4579 Illius,
657 4523 717 4586 pro
738 4522 805 4586 qua
825 4502 886 4568 tibi
909 4501 1076 4567 offerimus
1093 4500 1289 4567 sacrificium
1308 4500 1427 4581 laudis,

230 4567 262 4617 ⁴⁵
329 4617 366 4673 ut
386 4629 460 4673 eam
475 4616 665 4674 sanctorum
684 4616 817 4672 tuorum
843 4601 1046 4694 [coetibus]⁶
1066 4605 1254 4671 consociare
1268 4605 1424 4690 digneris.

331 4711 400 4777 Per.
421 4738 442 4795 γ
