3352 5828
196 776 217 828 1.
228 775 291 843 cili]
504 776 717 834 ROMANAE
738 777 979 836 ECCLESIAE.
1224 784 1285 856 157

194 947 372 1023 perpetuae
380 940 574 1025 virginitatis
584 952 634 1008 est
647 936 1096 1031 [sponsus,quemadmodum
1108 952 1287 1029 perpetuae

193 1042 389 1127 virgimtatis
412 1039 478 1132 est]
487 1043 514 1084 ¹⁸
536 1044 631 1112 filius.
676 1044 872 1130 Imploranti
895 1067 973 1132 ergo
995 1047 1158 1113 auxilium
1180 1058 1286 1127 tuum,

195 1146 346 1227 Domine,
360 1157 393 1212 et
408 1148 592 1214 confirmari
606 1169 641 1214 se
654 1149 893 1216 benedictionis
904 1150 930 1189 ¹⁹
948 1160 1024 1216 tuae
1038 1152 1286 1218 consecratione

194 1250 347 1335 cupienti,
374 1252 417 1316 da
442 1253 654 1337 protectionis
677 1263 754 1319 tuae
781 1256 948 1321 munimen
970 1265 1005 1320 et
1030 1253 1220 1340 regimen¹⁰,
1245 1276 1288 1321 ne

191 1353 296 1418 hostis
311 1356 465 1440 antiquus
479 1357 535 1441 qui
547 1355 778 1423 excellentiora
793 1359 901 1423 studia
914 1357 1141 1424 subtilioribus
1156 1359 1288 1425 infestat

194 1456 329 1532 insidiis,
355 1460 398 1524 ad
427 1460 664 1525 obscurandam
698 1461 862 1546 perfectae
890 1463 1111 1527 continentiae
1140 1461 1287 1546 palmam

194 1580 253 1646 per
266 1561 411 1646 aliquam
423 1564 541 1630 mentis
556 1574 666 1648 serpat
675 1562 699 1602 ²¹
715 1564 884 1642 incuriam,
895 1574 929 1631 et
941 1565 1047 1648 rapiat
1061 1566 1102 1633 de
1117 1566 1289 1651 proposito

194 1666 363 1751 virginum,
386 1670 474 1750 quod
499 1669 600 1734 etiam
627 1669 774 1735 moribus
801 1671 896 1734 decet
925 1670 1030 1735 inesse
1058 1679 1237 1756 nuptarum
1249 1668 1289 1737 ²².

195 1768 248 1836 Sit
261 1771 294 1835 in
308 1792 357 1851 ea,
369 1771 521 1852 Domine,
533 1793 591 1856 per
601 1773 726 1838 donum
739 1771 883 1857 Spiritus
893 1774 941 1841 tui
956 1775 1100 1858 prudens
1116 1774 1289 1851 modestia,

194 1874 320 1959 sapiens
356 1876 541 1960 benignitas
550 1872 587 1951 ²⁸,
623 1878 732 1960 gravis
768 1875 898 1955 lenitas,
934 1888 1026 1945 casta
1062 1879 1217 1945 libertas:
1255 1880 1289 1943 in

195 1979 332 2044 caritate
349 1978 482 2057 ferveat,
499 1989 534 2046 et
554 1980 636 2046 nihil
656 1991 754 2046 extra
768 1991 802 2046 te
815 1982 943 2066 diligat,
957 1981 1169 2049 laudabiliter
1189 1983 1290 2060 vivat,

195 2082 384 2167 laudarique
407 2104 473 2148 non
493 2093 640 2170 appetat.
682 2083 759 2169 [Te]
781 2086 814 2149 iu
836 2086 1012 2152 sanctitate
1033 2087 1187 2170 corporis,
1208 2095 1243 2152 te
1256 2086 1290 2150 in

193 2187 293 2251 animi
315 2188 367 2252 sui
394 2187 553 2272 puri[tate
576 2183 812 2276 glori]ficet²⁴;
833 2208 946 2254 amore
969 2199 1004 2255 te
1028 2189 1154 2267 timeat,
1178 2210 1291 2255 amore

193 2291 254 2356 tibi
268 2292 397 2357 serviat.
442 2292 495 2356 Tu
512 2294 541 2357 ei
556 2292 663 2358 honor
675 2293 730 2369 sis,
744 2302 781 2358 tu
796 2294 962 2377 gaudium,
975 2304 1013 2359 tu
1028 2293 1190 2373 voluntas,
1205 2304 1241 2358 tu
1258 2294 1291 2358 in

195 2415 343 2461 moerore
363 2392 585 2485 consola[tio}
607 2397 680 2464 tu¹³
701 2397 734 2461 in
754 2398 972 2481 ambiguitate
991 2397 1174 2477 consilium,
1196 2406 1233 2462 tu
1256 2398 1308 2462 in·

195 2499 313 2566 iniuria
348 2500 504 2579 defensio,
534 2501 568 2566 in
598 2499 806 2567 tribulatione
838 2502 1005 2587 patientia,
1035 2502 1068 2566 in
1097 2510 1293 2587 paupertate

196 2601 408 2682 abundantia,
423 2605 456 2668 iu
471 2605 592 2669 ieiunio
607 2605 708 2684 cibus,
724 2604 758 2669 in
777 2604 967 2671 infirmitate
987 2606 1159 2670 medicina.
1204 2605 1243 2670 In
1258 2615 1293 2670 te

196 2706 320 2772 habeat
338 2709 448 2772 omnia
463 2729 563 2793 quem
578 2708 714 2792 diligere
729 2709 856 2793 appetit
866 2707 894 2749 ²⁰
907 2729 1006 2794 super
1020 2709 1139 2786 omnia,
1153 2718 1187 2773 et
1201 2710 1292 2792 quod

198 2820 249 2875 est
280 2811 426 2896 professa
454 2812 627 2888 custodiat,
656 2813 829 2878 scrutatori
859 2821 1030 2896 pectorum
1058 2833 1126 2878 non
1154 2831 1293 2897 corpore

197 2913 358 2998 placitura
387 2915 445 2980 sed
476 2925 596 2981 mente
640 2916 803 2982 Transeat
834 2917 867 2980 in
896 2935 1070 2981 numerum
1095 2916 1291 2999 sapientium

197 3017 390 3104 puellarum,
400 3029 436 3084 ut
447 3019 623 3085 caelestem
633 3039 792 3104 sponsum
803 3020 948 3085 accensis
957 3015 983 3058 ’i
998 3018 1206 3102 lampadibus
1215 3038 1291 3084 cum

197 3122 271 3187 oleo
286 3123 544 3207 praeparationis
558 3132 733 3206 expectet3
756 3143 815 3188 nec
830 3119 998 3188 turbata⁸⁸
1014 3122 1182 3207 improvisi
1206 3122 1292 3207 regis

197 3227 349 3304 adventu,
380 3236 531 3291 secutura
554 3245 629 3291 cum
654 3226 775 3290 lumine
803 3225 867 3310 [ut]
893 3226 1159 3310 praecedentium
1189 3225 1292 3292 choro

197 3330 349 3413 iungatur
363 3339 514 3396 occurrat
522 3329 556 3408 ²⁹,
568 3350 627 3396 nec
641 3329 838 3396 excludatur
850 3351 926 3394 cum
941 3329 1060 3394 stultis.
1096 3329 1256 3413 Regalem
1265 3327 1294 3367 ⁸⁰

197 3433 328 3498 ianuam
353 3450 427 3496 cum
446 3432 649 3517 sapientibus
671 3433 855 3517 virginibus
877 3430 1013 3497 licenter
1037 3432 1187 3509 introeat,
1201 3442 1236 3497 et
1259 3433 1293 3496 in

123 3545 180 3601 6³1
195 3534 286 3616 Agni
303 3566 315 3588 ·
332 3535 380 3600 tui
403 3545 563 3618 perpetuo
584 3537 742 3601 comitatu
768 3534 949 3619 probabilis
966 3556 1121 3602 mansura
1141 3535 1293 3601 castitate

195 3648 394 3724 permaneat.
439 3639 501 3702 Per
516 3638 752 3722 Dominumy

239 3757 420 3823 Benedictio
434 3758 697 3824 vestimentorum
712 3759 881 3842 virginum
889 3758 925 3825 ⁸¹.

241 3880 343 3958 Deus,
380 3889 588 3946 aeternorum
630 3881 792 3946 bonorum
836 3876 1060 3946 fidelissime⁸⁸
1103 3879 1293 3964 promissor,
1318 3894 1384 3960 ugo.
1397 3906 1454 3960 102.

196 3985 375 4050 certissime
385 3982 411 4024 ⁸²
423 3984 607 4068 persolutor
615 3982 653 4064 ⁸⁸,
665 3984 722 4069 qui
736 3985 969 4050 vestimentum
985 3983 1138 4063 salutare,
1148 3992 1183 4049 et
1197 3983 1293 4049 indu·
1318 3959 1432 4093 ἓξὲξ

198 4099 346 4154 mentum
370 4089 580 4154 iocunditatis
603 4089 669 4154 tuis
692 4087 845 4154 fidelibus
871 4087 1058 4172 promisisti,
1084 4086 1293 4153 clementiam

197 4204 290 4260 tuam
304 4192 494 4279 suppliciter
507 4213 694 4270 exoramus,
709 4202 746 4258 ut
757 4192 839 4258 haec
857 4192 1059 4266 indumenta,
1075 4190 1294 4256 humilitatem

198 4297 306 4364 cordis
328 4307 362 4363 et
383 4306 611 4381 contemptum
634 4297 749 4362 mundi
767 4296 996 4382 significantia,
1010 4294 1131 4379 quibus
1153 4294 1296 4360 samuhe

197 4412 276 4468 tuae
304 4411 418 4468 sancto
446 4401 618 4467 visibiliter
647 4410 724 4466 sunt
752 4400 978 4466 informandae
1011 4399 1193 4484 proposito,
1218 4419 1295 4483 pro-

198 4503 339 4593 pitius⁸⁴
361 4506 558 4585 benedicas3
581 4503 657 4569 ut⁸⁶
679 4505 798 4570 beatae
823 4504 985 4569 castitatis
1010 4504 1171 4580 habitum,
1192 4522 1293 4586 quem

198 4619 232 4675 te
245 4609 412 4693 aspirante
423 4609 448 4648 ³⁸
464 4609 652 4692 suscipiunt,
667 4618 703 4673 te
723 4617 917 4692 protegente
932 4606 1140 4684 custodiant3
1161 4615 1196 4671 et
1210 4626 1294 4690 quas

197 4713 346 4778 vestibus
360 4713 560 4776 venerandae
580 4711 806 4794 promissionis
820 4710 928 4775 induis
943 4709 1180 4795 temporaliter,
1192 4708 1294 4774 beata

199 4817 301 4882 iacias
317 4815 565 4882 immortalitate
580 4814 697 4880 vestiri
744 4814 806 4879 Per
821 4813 1005 4880 Dominum
1020 4823 1178 4879 nostrum.
1200 4837 1221 4893 γ

232 4968 666 5035 ¹'1'bebeadingoitbeparallel
686 4967 752 5018 form
772 4963 1294 5032 inGerbli95(sromaVienusliS.

200 5051 264 5113 seer„
280 5038 307 5096 x)
328 5051 413 5101 agrees
429 5035 491 5085 with
509 5035 636 5111 thetbere
652 5034 782 5099 φαμι
858 5034 884 5083 in
900 5033 1003 5097 reading
1021 5032 1146 5083 molinis
1165 5031 1204 5082 sor
1221 5038 1293 5081 nau·

200 5101 265 5152 Μία.
299 5099 818 5165 Τδοοθὶωίηιοοιλίωῖωαῖς
854 5097 1293 5165 ereformorethnnouepersou:
