3352 5828
273 809 321 861 111.
333 806 398 874 xvi]
581 805 796 863 ROMANAE
816 804 1059 862 ECCLESIAE.
1101 805 1108 836 l
1301 805 1363 880 235

270 972 397 1037 minum
412 980 568 1036 nostrum.
601 968 814 1062 chglllif
828 967 1030 1034 oblationem
1046 967 1212 1034 servitutis
1221 975 1363 1043 nostrae,

270 1077 330 1141 scd
356 1085 391 1140 et
413 1084 548 1140 cunctae
570 1072 713 1139 familiae
735 1069 860 1148 tuae²⁴,
885 1091 1091 1156 quaesumus,
1114 1072 1266 1147 Domine,
1287 1068 1364 1136 ut²⁶

270 1179 420 1264 placatus
438 1179 577 1263 accipias
585 1173 621 1253 ²⁶,
637 1177 773 1261 diesque
788 1185 918 1241 nostros
942 1176 1046 1242 intua
1067 1196 1148 1261 pace
1162 1176 1319 1261 disponas
1326 1171 1364 1252 ⁸⁷,

271 1293 372 1366 atque
397 1283 441 1348 ab
467 1291 599 1348 aeterna
621 1280 835 1346 damnatione
858 1300 918 1345 nos
940 1276 1056 1364 eripi²8
1074 1288 1107 1344 et
1128 1279 1162 1344 in
1183 1278 1362 1346 electorum

271 1395 404 1452 tuorum
426 1386 537 1451 iubeas
558 1405 657 1470 grege
684 1384 856 1448 numerari.
902 1384 964 1448 Per
987 1382 1153 1449 Christum
1180 1383 1363 1447 Dominum

273 1499 432 1556 nostrum.
470 1489 580 1574 Quam
602 1486 840 1554 oblationem²⁹
857 1497 902 1565 tu,
920 1487 1020 1565 Deus,
1037 1488 1070 1552 in
1084 1486 1245 1563 omnibus,
1262 1506 1365 1571 quae·

273 1613 395 1672 sumus,
407 1594 622 1670 benedictam,
637 1592 846 1677 adscriptam,
862 1599 979 1669 ratam,
995 1589 1234 1667 rationabilem,
1248 1610 1364 1676 accep·

273 1696 475 1782 tabilemque
495 1697 601 1764 lacere
631 1696 785 1781 digneris,
810 1694 887 1761 ut⁸⁰
911 1694 1008 1759 nobis
1031 1714 1151 1779 corpus
1173 1702 1209 1759 et
1229 1694 1365 1779 sanguis

274 1800 333 1866 fiat
354 1801 555 1867 dilectissimi
578 1801 652 1865 Filii
667 1800 715 1865 tui
739 1799 878 1865 Domini
903 1799 967 1863 Dei
983 1800 1084 1864 nostri
1096 1797 1122 1837 ⁸¹
1141 1798 1215 1864 Iesu
1231 1795 1365 1864 Christi.

276 1905 343 1990 Qui
362 1906 468 1990 pridie
481 1926 582 1989 quam
600 1915 769 1990 pateretur
788 1898 952 1986 accepit⁸²
962 1922 1082 1985 panem
1097 1902 1130 1966 in
1144 1901 1312 1969 sanctas⁸⁸
1326 1922 1365 1968 ac

274 2010 475 2075 venerabiles
497 2030 615 2074 manus
632 2029 709 2074 suas
719 2005 759 2087 ³⁴,
775 2008 911 2073 elevatis
933 2005 1072 2072 ocutts⁸⁶
1087 2005 1120 2071 in
1140 2006 1266 2072 caelum
1279 2004 1306 2045 ⁸⁸
1322 2006 1366 2071 ad

273 2124 309 2178 te
324 2113 433 2178 Deum
453 2114 584 2179 Patrem
603 2133 699 2178 suum
718 2110 989 2196 omnipotentem,
1003 2111 1064 2176 tibi
1079 2109 1203 2194 gratias
1217 2107 1366 2193 egenam,

274 2218 456 2290 benedixit,
481 2219 588 2301 fregit,
616 2218 710 2283 dedit
739 2212 943 2300 discipulis³⁸
967 2215 1043 2290 suis,
1069 2215 1191 2290 dicens,
1215 2213 1367 2299 Accipite

274 2334 308 2386 et
324 2322 518 2386 manducate
532 2341 577 2386 ex
592 2319 658 2386 hoc
672 2340 796 2385 omnes.
824 2318 900 2383 Hoc
915 2328 966 2382 est
980 2319 1068 2383 enim
1077 2317 1104 2357 ⁸⁹
1115 2337 1234 2401 corpus
1247 2337 1368 2384 meum.

277 2422 384 2490 Simili
406 2424 518 2501 modo,
543 2433 761 2510 posteaquam
774 2421 802 2462 ⁴⁰
832 2432 1006 2488 coenatum
1029 2429 1088 2500 est,
1109 2417 1311 2505 accipiens⁸²
1333 2431 1367 2488 et

276 2527 365 2594 hunc
380 2528 583 2612 praeclarum
600 2527 736 2594 calicem
752 2527 786 2591 in
804 2536 935 2592 sanctas
945 2546 984 2591 ac
995 2523 1023 2564 ⁴¹
1035 2525 1236 2592 venerabiles
1251 2546 1368 2591 manus

278 2652 363 2707 suas,
383 2633 462 2696 item
488 2632 550 2697 tibi
580 2631 705 2715 gratias
734 2650 847 2716 agens,
871 2630 1052 2706 benedixit,
1077 2630 1171 2697 dedit
1200 2629 1369 2714 discipulis

278 2732 391 2814 suis⁴²,
412 2735 533 2810 dicens,
554 2733 708 2819 Accipite
735 2744 770 2800 et
794 2734 896 2800 bibite
917 2755 962 2800 ex
983 2732 1063 2800 εο48
1085 2754 1221 2800 omnes:
1243 2733 1296 2802 hic
1317 2743 1369 2800 est

279 2838 367 2903 enim
398 2839 486 2905 calix
514 2839 683 2922 sanguinis
714 2839 777 2904 mei
807 2840 882 2903 novi
914 2848 949 2903 et
959 2834 989 2876 ⁴⁴
1019 2839 1141 2903 aeterni
1169 2840 1369 2918 testamenti,

280 2942 474 3025 mysterium
497 2939 584 3022 fidei,
598 2943 654 3025 qui
676 2962 737 3025 pro
757 2942 852 3007 vobis
874 2951 907 3006 et
929 2961 991 3024 pro
1013 2940 1124 3007 multis
1144 2939 1369 3008 effundetur⁴³

206 3049 266 3106 697
281 3045 337 3109 in·
350 3043 612 3111 remissionem⁴⁸
638 3053 858 3128 peccatorum.
903 3043 996 3111 Haec
1024 3045 1295 3129 quotiescumque
1323 3045 1368 3110 ie-

280 3148 388 3215 ceritis
409 3149 442 3214 in
469 3149 534 3213 mci
558 3146 750 3213 memoriam
772 3144 944 3212 iacietis⁴⁷.
991 3146 1126 3213 Unde⁴⁸
1149 3158 1183 3213 et
1208 3168 1370 3214 memores

280 3272 395 3317 sumus
403 3251 440 3328 ⁴⁹,
465 3250 616 3329 Domine,
639 3271 700 3316 nos
722 3250 771 3315 tui
794 3250 887 3325 servi,
910 3250 968 3316 sed
993 3259 1027 3314 et
1048 3249 1142 3334 plebs
1166 3261 1224 3317 tua
1249 3259 1371 3328 sancta,

282 3354 405 3422 Christi
421 3354 495 3418 Filii
510 3355 560 3419 tui
582 3353 720 3418 Domini
741 3351 841 3418 Dei³l
856 3354 957 3418 nostri
979 3362 1049 3418 tam
1072 3353 1190 3420 beatae
1211 3354 1372 3437 passionis

281 3478 410 3524 necnon
433 3467 467 3523 et
498 3457 541 3521 ab
567 3456 679 3521 inieris
705 3456 955 3535 resurrectionis,
978 3458 1037 3522 scd
1061 3466 1096 3522 et
1121 3457 1274 3522 incaelis
1297 3457 1371 3544 glo·

280 3559 420 3626 riosae³¹
436 3560 654 3625 ascensionis:
677 3559 845 3625 offerimus
866 3559 1052 3642 praeclarae
1075 3558 1273 3627 maiestati⁵¹
1294 3571 1372 3627 tuae

280 3665 323 3730 de
351 3663 417 3729 tuis
441 3664 536 3728 donis
560 3682 598 3727 ac
624 3663 711 3728 datis
733 3663 876 3728 hostiam
898 3683 1024 3746 puram,
1047 3663 1188 3729 hostiam
1212 3675 1371 3740 sanctam,

280 3768 422 3834 hostiam
446 3766 702 3844 immaculatam,
724 3786 844 3852 panem
871 3776 1023 3833 sanctum
1047 3767 1134 3832 vitae
1157 3777 1310 3833 aeternae
1337 3777 1373 3832 et

282 3873 415 3939 calicem
431 3870 544 3936 salutis
558 3879 736 3956 perpetuae
744 3869 783 3933 ⁸⁸.
828 3867 936 3954 Supra
949 3889 1035 3953 quae
1048 3870 1192 3955 propitio
1206 3891 1245 3937 ac
1259 3891 1374 3937 sereno

282 3974 375 4049 vultu
408 3971 605 4058 respicere⁶⁴
635 3970 824 4055 dignerisii,
853 3982 888 4038 et
916 3973 1091 4058 accepta⁶⁶
1117 3974 1248 4051 habere,
1277 3975 1374 4040 sicuti

283 4076 455 4169 accepta⁶⁰
469 4078 592 4143 habere
613 4077 769 4161 dignatus
792 4096 828 4141 es
851 4095 987 4142 munera
1006 4078 1097 4162 pueri
1113 4079 1161 4144 tui
1177 4078 1252 4144 iusti
1273 4076 1375 4158 Abel,

284 4192 319 4250 et
347 4180 538 4249 sacrificium
572 4181 777 4266 patriarchae
807 4181 910 4247 nostri
937 4180 1102 4260 Abrahae,
1132 4191 1166 4247 et
1195 4182 1285 4265 quod
1313 4181 1375 4247 tibi

285 4287 406 4353 obtulit
442 4307 589 4352 summus
625 4286 778 4352 sacerdos
816 4294 893 4350 tuus
934 4285 1187 4362 Melchisedech,
1224 4295 1375 4353 sanctum

285 4391 488 4466 sacrificium,
504 4389 748 4458 immaculatam
764 4389 917 4455 hostiam.
962 4388 1134 4475 Supplices
1156 4399 1191 4454 te
1211 4409 1376 4474 rogamus,

284 4494 494 4579 omnipotens
519 4496 620 4575 Deus,
646 4495 723 4561 iube
749 4494 831 4560 haec
855 4494 988 4580 perferri
1015 4516 1075 4580 per
1097 4492 1248 4560 manus⁶i
1266 4495 1375 4579 angeli

284 4599 334 4665 tui
357 4599 389 4663 in
412 4598 551 4664 sublime
571 4599 673 4664 altare
694 4597 827 4664 tuum⁶⁸
851 4599 884 4664 in
905 4609 1081 4682 conspectu
1102 4599 1232 4665 divinae
1257 4601 1375 4666 maies-

284 4704 364 4768 tatis
379 4714 465 4780 tuae,
477 4713 514 4767 ut
527 4713 692 4788 quotquot
707 4724 751 4770 ex
767 4703 830 4768 hac
839 4702 865 4742 ³⁹
879 4702 994 4768 altaris
1005 4703 1254 4787 participatione
1264 4723 1374 4769 sacro·

284 4816 437 4871 sanctum
456 4806 530 4870 Filii
552 4807 599 4870 tui
622 4827 740 4889 corpus
762 4815 797 4870 et
818 4806 1012 4889 sanguinem
1031 4807 1264 4890 sumpserimus
1285 4806 1376 4872 omni

285 4908 547 4973 benedictione⁸⁰
561 4909 692 4975 caelesti
707 4908 771 4974 et⁸¹
787 4909 894 4993 gratia
903 4909 1096 4993 repleamur.
1130 4909 1192 4974 Per
1207 4909 1375 4976 Christum

286 5011 469 5077 Dominum
485 5023 641 5077 nostrum.
684 5011 798 5077 Amen
807 5009 844 5076 ⁸².

332 5115 592 5211 Nobis-quoque
613 5115 848 5202 peccatoribus,
864 5116 996 5182 famulis
1011 5117 1085 5196 tuis,
1101 5118 1143 5183 de
1167 5117 1376 5184 multitudine
