<?xml version="1.0" encoding="UTF-8"?>
<!DOCTYPE html PUBLIC "-//W3C//DTD XHTML 1.0 Transitional//EN"
    "http://www.w3.org/TR/xhtml1/DTD/xhtml1-transitional.dtd">
<html xmlns="http://www.w3.org/1999/xhtml" xml:lang="en" lang="en">
 <head>
  <title>
</title>
<meta http-equiv="Content-Type" content="text/html;charset=utf-8" />
  <meta name='ocr-system' content='tesseract 3.04.00' />
  <meta name='ocr-capabilities' content='ocr_page ocr_carea ocr_par ocr_line ocrx_word'/>
</head>
<body>
  <div class='ocr_page' id='page_1' title='image "./gelasiansacrame00wilsgoog_0108.png"; bbox 0 0 3352 5828; ppageno 0'>
   <div class='ocr_carea' id='block_1_1' title="bbox 259 735 1352 814">
    <p class='ocr_par' dir='ltr' id='par_1_1' title="bbox 259 735 1352 814">
     <span class='ocr_line' id='line_1_1' title="bbox 259 735 1352 814; baseline 0.005 -26"><span class='ocrx_word' id='word_1_1' title='bbox 259 735 343 803; x_wconf 76' lang='lat' dir='ltr'><em>val,</em></span> <span class='ocrx_word' id='word_1_2' title='bbox 356 736 428 806; x_wconf 74' lang='lat' dir='ltr'><em>xvii]</em></span> <span class='ocrx_word' id='word_1_3' title='bbox 572 737 785 796; x_wconf 84' lang='lat' dir='ltr'><em>ROMANAE</em></span> <span class='ocrx_word' id='word_1_4' title='bbox 806 737 1050 796; x_wconf 83' lang='lat' dir='ltr'><em>ECCLESIAE.</em></span> <span class='ocrx_word' id='word_1_5' title='bbox 1311 741 1352 814; x_wconf 83' lang='lat'><em>¹5</em></span> 
     </span>
    </p>
   </div>
   <div class='ocr_carea' id='block_1_2' title="bbox 360 924 1307 1110">
    <p class='ocr_par' dir='ltr' id='par_1_2' title="bbox 360 924 1307 1110">
     <span class='ocr_line' id='line_1_2' title="bbox 758 924 850 982; baseline 0.043 -4"><span class='ocrx_word' id='word_1_6' title='bbox 758 924 850 982; x_wconf 80' lang='lat' dir='ltr'><em>m.</em></span> 
     </span>
     <span class='ocr_line' id='line_1_3' title="bbox 360 999 1307 1110; baseline -0.002 -8"><span class='ocrx_word' id='word_1_7' title='bbox 360 1034 470 1102; x_wconf 80' lang='lat' dir='ltr'><em>Onoo</em></span> <span class='ocrx_word' id='word_1_8' title='bbox 491 999 699 1102; x_wconf 72' lang='lat' dir='ltr'><em>sonamus</em></span> <span class='ocrx_word' id='word_1_9' title='bbox 722 1048 910 1102; x_wconf 78' lang='lat' dir='ltr'><em>nuaucnnr</em></span> <span class='ocrx_word' id='word_1_10' title='bbox 934 1047 1221 1101; x_wconf 74' lang='lat' dir='ltr'><em>aonmneu&#39;nsu</em></span> <span class='ocrx_word' id='word_1_11' title='bbox 1230 1033 1254 1100; x_wconf 91' lang='lat'><em>¹.</em></span> <span class='ocrx_word' id='word_1_12' title='bbox 1304 1107 1307 1110; x_wconf 54' lang='grc'><em>,</em></span> 
     </span>
    </p>
   </div>
   <div class='ocr_carea' id='block_1_3' title="bbox 257 1164 1404 1750">
    <p class='ocr_par' dir='ltr' id='par_1_3' title="bbox 257 1164 1404 1750">
     <span class='ocr_line' id='line_1_4' title="bbox 304 1164 1404 1250; baseline 0.002 -19"><span class='ocrx_word' id='word_1_13' title='bbox 304 1164 450 1249; x_wconf 73' lang='lat' dir='ltr'><em>Siocipis</em></span> <span class='ocrx_word' id='word_1_14' title='bbox 465 1185 538 1231; x_wconf 84' lang='lat' dir='ltr'><em>eum</em></span> <span class='ocrx_word' id='word_1_15' title='bbox 560 1166 597 1231; x_wconf 83' lang='lat' dir='ltr'><em>iv</em></span> <span class='ocrx_word' id='word_1_16' title='bbox 607 1165 703 1249; x_wconf 72' lang='lat' dir='ltr'><em>ferm</em></span> <span class='ocrx_word' id='word_1_17' title='bbox 721 1185 817 1231; x_wconf 75' lang='lat' dir='ltr'><em>manre</em></span> <span class='ocrx_word' id='word_1_18' title='bbox 836 1166 872 1231; x_wconf 84' lang='lat' dir='ltr'><em>in</em></span> <span class='ocrx_word' id='word_1_19' title='bbox 894 1166 996 1249; x_wconf 79' lang='lat' dir='ltr'><em>capite</em></span> <span class='ocrx_word' id='word_1_20' title='bbox 1016 1164 1300 1250; x_wconf 78' lang='lat' dir='ltr'><em>Quadragesimae‚</em></span> <span class='ocrx_word' id='word_1_21' title='bbox 1321 1173 1355 1230; x_wconf 84' lang='lat' dir='ltr'><em>et</em></span> <span class='ocrx_word' id='word_1_22' title='bbox 1378 1180 1404 1233; x_wconf 72' lang='lat' dir='ltr'><em>s„</em></span> 
     </span>
     <span class='ocr_line' id='line_1_5' title="bbox 257 1267 1353 1353; baseline -0.001 -19"><span class='ocrx_word' id='word_1_23' title='bbox 257 1269 396 1353; x_wconf 82' lang='lat' dir='ltr'><em>cooperis</em></span> <span class='ocrx_word' id='word_1_24' title='bbox 402 1289 475 1334; x_wconf 81' lang='lat' dir='ltr'><em>eum</em></span> <span class='ocrx_word' id='word_1_25' title='bbox 483 1267 594 1348; x_wconf 75' lang='lat' dir='ltr'><em>cilicio,</em></span> <span class='ocrx_word' id='word_1_26' title='bbox 608 1289 686 1334; x_wconf 82' lang='lat' dir='ltr'><em>oras</em></span> <span class='ocrx_word' id='word_1_27' title='bbox 692 1278 756 1351; x_wconf 74' lang='lat' dir='ltr'><em>pro</em></span> <span class='ocrx_word' id='word_1_28' title='bbox 769 1289 812 1348; x_wconf 85' lang='lat' dir='ltr'><em>eo,</em></span> <span class='ocrx_word' id='word_1_29' title='bbox 826 1277 861 1334; x_wconf 83' lang='lat' dir='ltr'><em>et</em></span> <span class='ocrx_word' id='word_1_30' title='bbox 873 1268 1034 1336; x_wconf 80' lang='lat' dir='ltr'><em>inclaudis</em></span> <span class='ocrx_word' id='word_1_31' title='bbox 1044 1290 1142 1353; x_wconf 81' lang='lat' dir='ltr'><em>usque</em></span> <span class='ocrx_word' id='word_1_32' title='bbox 1155 1269 1202 1334; x_wconf 86' lang='lat' dir='ltr'><em>ad</em></span> <span class='ocrx_word' id='word_1_33' title='bbox 1216 1267 1353 1336; x_wconf 84' lang='lat' dir='ltr'><em>Coenam</em></span> 
     </span>
     <span class='ocr_line' id='line_1_6' title="bbox 258 1369 1353 1456; baseline 0.002 -19"><span class='ocrx_word' id='word_1_34' title='bbox 258 1372 407 1438; x_wconf 80' lang='lat' dir='ltr'><em>Domini.</em></span> <span class='ocrx_word' id='word_1_35' title='bbox 462 1370 530 1452; x_wconf 76' lang='lat' dir='ltr'><em>Qui</em></span> <span class='ocrx_word' id='word_1_36' title='bbox 545 1372 654 1437; x_wconf 80' lang='lat' dir='ltr'><em>eodem</em></span> <span class='ocrx_word' id='word_1_37' title='bbox 673 1372 727 1437; x_wconf 87' lang='lat' dir='ltr'><em>die</em></span> <span class='ocrx_word' id='word_1_38' title='bbox 740 1373 778 1438; x_wconf 88' lang='lat' dir='ltr'><em>in</em></span> <span class='ocrx_word' id='word_1_39' title='bbox 788 1372 919 1456; x_wconf 82' lang='lat' dir='ltr'><em>gremio</em></span> <span class='ocrx_word' id='word_1_40' title='bbox 925 1382 1158 1456; x_wconf 77' lang='lat' dir='ltr'><em>praesentatur</em></span> <span class='ocrx_word' id='word_1_41' title='bbox 1178 1371 1322 1439; x_wconf 79' lang='lat' dir='ltr'><em>ecclesiae</em></span> <span class='ocrx_word' id='word_1_42' title='bbox 1329 1369 1353 1453; x_wconf 83' lang='lat'><em>²,</em></span> 
     </span>
     <span class='ocr_line' id='line_1_7' title="bbox 258 1475 1354 1560; baseline -0.001 -19"><span class='ocrx_word' id='word_1_43' title='bbox 258 1484 293 1541; x_wconf 84' lang='lat' dir='ltr'><em>et</em></span> <span class='ocrx_word' id='word_1_44' title='bbox 298 1484 464 1559; x_wconf 75' lang='lat' dir='ltr'><em>prostrato</em></span> <span class='ocrx_word' id='word_1_45' title='bbox 477 1495 512 1540; x_wconf 85' lang='lat' dir='ltr'><em>eo</em></span> <span class='ocrx_word' id='word_1_46' title='bbox 528 1476 620 1541; x_wconf 88' lang='lat' dir='ltr'><em>omni</em></span> <span class='ocrx_word' id='word_1_47' title='bbox 631 1485 759 1559; x_wconf 74' lang='lat' dir='ltr'><em>empore</em></span> <span class='ocrx_word' id='word_1_48' title='bbox 773 1476 810 1542; x_wconf 85' lang='lat' dir='ltr'><em>in</em></span> <span class='ocrx_word' id='word_1_49' title='bbox 826 1485 925 1556; x_wconf 81' lang='lat' dir='ltr'><em>terra,</em></span> <span class='ocrx_word' id='word_1_50' title='bbox 943 1475 1194 1543; x_wconf 66' lang='lat' dir='ltr'><em>datorationem</em></span> <span class='ocrx_word' id='word_1_51' title='bbox 1207 1476 1354 1560; x_wconf 65' lang='lat' dir='ltr'><em>pontifex</em></span> 
     </span>
     <span class='ocr_line' id='line_1_8' title="bbox 260 1578 1356 1665; baseline -0.001 -19"><span class='ocrx_word' id='word_1_52' title='bbox 260 1589 356 1664; x_wconf 75' lang='lat' dir='ltr'><em>super</em></span> <span class='ocrx_word' id='word_1_53' title='bbox 365 1601 439 1646; x_wconf 84' lang='lat' dir='ltr'><em>enm</em></span> <span class='ocrx_word' id='word_1_54' title='bbox 452 1578 501 1645; x_wconf 83' lang='lat' dir='ltr'><em>ad</em></span> <span class='ocrx_word' id='word_1_55' title='bbox 508 1579 781 1646; x_wconf 84' lang='lat' dir='ltr'><em>reconciliandum</em></span> <span class='ocrx_word' id='word_1_56' title='bbox 796 1579 833 1645; x_wconf 90' lang='lat' dir='ltr'><em>in</em></span> <span class='ocrx_word' id='word_1_57' title='bbox 848 1580 1066 1665; x_wconf 85' lang='lat' dir='ltr'><em>quintoseria</em></span> <span class='ocrx_word' id='word_1_58' title='bbox 1084 1580 1203 1649; x_wconf 77' lang='lat' dir='ltr'><em>Cornan</em></span> <span class='ocrx_word' id='word_1_59' title='bbox 1216 1579 1356 1647; x_wconf 85' lang='lat' dir='ltr'><em>Domini</em></span> 
     </span>
     <span class='ocr_line' id='line_1_9' title="bbox 257 1683 596 1750; baseline -0.006 0"><span class='ocrx_word' id='word_1_60' title='bbox 257 1685 343 1750; x_wconf 81' lang='lat' dir='ltr'><em>sr&#39;cnt</em></span> <span class='ocrx_word' id='word_1_61' title='bbox 355 1683 404 1750; x_wconf 82' lang='lat' dir='ltr'><em>ibi</em></span> <span class='ocrx_word' id='word_1_62' title='bbox 409 1684 596 1749; x_wconf 79' lang='lat' dir='ltr'><em>continetur.</em></span> 
     </span>
    </p>
   </div>
   <div class='ocr_carea' id='block_1_4' title="bbox 260 1819 1472 1952">
    <p class='ocr_par' dir='ltr' id='par_1_4' title="bbox 260 1819 1472 1952">
     <span class='ocr_line' id='line_1_10' title="bbox 292 1819 1472 1888; baseline 0.003 -18"><span class='ocrx_word' id='word_1_63' title='bbox 292 1819 771 1887; x_wconf 74' lang='lat' dir='ltr'><em>²l&#39;nisrnbrlclspleoedlns..beiore</em></span> <span class='ocrx_word' id='word_1_64' title='bbox 786 1820 829 1873; x_wconf 87' lang='lat' dir='ltr'><em>tbe</em></span> <span class='ocrx_word' id='word_1_65' title='bbox 845 1819 1090 1888; x_wconf 76' lang='lat' dir='ltr'><em>prayencontalnetl</em></span> <span class='ocrx_word' id='word_1_66' title='bbox 1104 1819 1353 1874; x_wconf 76' lang='lat' dir='ltr'><em>intbelasteectiou.</em></span> <span class='ocrx_word' id='word_1_67' title='bbox 1467 1873 1472 1880; x_wconf 82' lang='grc'>,</span> 
     </span>
     <span class='ocr_line' id='line_1_11' title="bbox 260 1883 761 1952; baseline 0.006 -17"><span class='ocrx_word' id='word_1_68' title='bbox 260 1883 761 1952; x_wconf 60' lang='lat' dir='ltr'><em>&#39;monueringremioecclenbea</em></span> 
     </span>
    </p>
   </div>
   <div class='ocr_carea' id='block_1_5' title="bbox 752 2044 859 2099">
    <p class='ocr_par' dir='ltr' id='par_1_5' title="bbox 752 2044 859 2099">
     <span class='ocr_line' id='line_1_12' title="bbox 752 2044 859 2099; baseline 0 0"><span class='ocrx_word' id='word_1_69' title='bbox 752 2044 859 2099; x_wconf 85' lang='lat' dir='ltr'><em>xvn.</em></span> 
     </span>
    </p>
   </div>
   <div class='ocr_carea' id='block_1_6' title="bbox 275 2154 1339 2343">
    <p class='ocr_par' dir='ltr' id='par_1_6' title="bbox 275 2154 1339 2343">
     <span class='ocr_line' id='line_1_13' title="bbox 275 2154 1339 2240; baseline -0.003 -16"><span class='ocrx_word' id='word_1_70' title='bbox 275 2154 496 2224; x_wconf 76' lang='lat' dir='ltr'><em>Onnmouas</em></span> <span class='ocrx_word' id='word_1_71' title='bbox 518 2169 565 2220; x_wconf 75' lang='lat' dir='ltr'><em>aa</em></span> <span class='ocrx_word' id='word_1_72' title='bbox 588 2168 726 2222; x_wconf 74' lang='lat' dir='ltr'><em>enecas</em></span> <span class='ocrx_word' id='word_1_73' title='bbox 747 2174 772 2222; x_wconf 79' lang='lat' dir='ltr'><em>n</em></span> <span class='ocrx_word' id='word_1_74' title='bbox 793 2155 1119 2240; x_wconf 75' lang='lat' dir='ltr'><em>Qmuounoasmn</em></span> <span class='ocrx_word' id='word_1_75' title='bbox 1142 2168 1265 2234; x_wconf 80' lang='lat' dir='ltr'><em>usoua</em></span> <span class='ocrx_word' id='word_1_76' title='bbox 1287 2169 1339 2221; x_wconf 81' lang='lat' dir='ltr'><em>nn</em></span> 
     </span>
     <span class='ocr_line' id='line_1_14' title="bbox 614 2258 987 2343; baseline -0.005 -18"><span class='ocrx_word' id='word_1_77' title='bbox 614 2285 616 2292; x_wconf 95' lang='lat'>·</span> <span class='ocrx_word' id='word_1_78' title='bbox 637 2258 987 2343; x_wconf 77' lang='lat' dir='ltr'><em>Qunnnncnsmnu.</em></span> 
     </span>
    </p>
   </div>
   <div class='ocr_carea' id='block_1_7' title="bbox 305 2385 1449 2473">
    <p class='ocr_par' dir='ltr' id='par_1_7' title="bbox 305 2385 1449 2473">
     <span class='ocr_line' id='line_1_15' title="bbox 305 2385 1449 2473; baseline -0.003 -19"><span class='ocrx_word' id='word_1_79' title='bbox 305 2385 433 2454; x_wconf 86' lang='lat' dir='ltr'><em>Auier¹</em></span> <span class='ocrx_word' id='word_1_80' title='bbox 448 2408 469 2453; x_wconf 90' lang='lat' dir='ltr'><em>a</em></span> <span class='ocrx_word' id='word_1_81' title='bbox 487 2388 593 2468; x_wconf 91' lang='lat' dir='ltr'><em>nobis,</em></span> <span class='ocrx_word' id='word_1_82' title='bbox 613 2387 769 2467; x_wconf 86' lang='lat' dir='ltr'><em>Domine,</em></span> <span class='ocrx_word' id='word_1_83' title='bbox 786 2408 995 2472; x_wconf 86' lang='lat' dir='ltr'><em>quaesumus,</em></span> <span class='ocrx_word' id='word_1_84' title='bbox 1014 2388 1203 2473; x_wconf 70' lang='lat' dir='ltr'><em>iniquitates</em></span> <span class='ocrx_word' id='word_1_85' title='bbox 1217 2397 1355 2468; x_wconf 88' lang='lat' dir='ltr'><em>nostras,</em></span> <span class='ocrx_word' id='word_1_86' title='bbox 1379 2397 1449 2451; x_wconf 64' lang='lat' dir='ltr'><em>lus</em></span> 
     </span>
    </p>
   </div>
   <div class='ocr_carea' id='block_1_8' title="bbox 263 2465 1520 2595">
    <p class='ocr_par' dir='ltr' id='par_1_8' title="bbox 263 2465 1520 2595">
     <span class='ocr_line' id='line_1_16' title="bbox 263 2465 1520 2595; baseline 0.003 -37"><span class='ocrx_word' id='word_1_87' title='bbox 263 2502 300 2558; x_wconf 93' lang='lat' dir='ltr'><em>ut</em></span> <span class='ocrx_word' id='word_1_88' title='bbox 314 2493 358 2559; x_wconf 89' lang='lat' dir='ltr'><em>ad</em></span> <span class='ocrx_word' id='word_1_89' title='bbox 374 2502 489 2558; x_wconf 83' lang='lat' dir='ltr'><em>sancta</em></span> <span class='ocrx_word' id='word_1_90' title='bbox 501 2501 693 2556; x_wconf 88' lang='lat' dir='ltr'><em>sanctorum</em></span> <span class='ocrx_word' id='word_1_91' title='bbox 708 2492 800 2577; x_wconf 84' lang='lat' dir='ltr'><em>puris</em></span> <span class='ocrx_word' id='word_1_92' title='bbox 822 2512 1007 2558; x_wconf 88' lang='lat' dir='ltr'><em>mereamur</em></span> <span class='ocrx_word' id='word_1_93' title='bbox 1027 2490 1201 2558; x_wconf 78' lang='lat' dir='ltr'><em>sensibus²</em></span> <span class='ocrx_word' id='word_1_94' title='bbox 1215 2493 1354 2559; x_wconf 81' lang='lat' dir='ltr'><em>introire</em></span> <span class='ocrx_word' id='word_1_95' title='bbox 1380 2465 1456 2582; x_wconf 47' lang='grc' dir='ltr'><em>(ἐξὲξ</em></span> <span class='ocrx_word' id='word_1_96' title='bbox 1464 2477 1520 2595; x_wconf 61' lang='lat'><em>„³⁴2</em></span> 
     </span>
    </p>
   </div>
   <div class='ocr_carea' id='block_1_9' title="bbox 264 2596 1527 2681">
    <p class='ocr_par' dir='ltr' id='par_1_9' title="bbox 264 2596 1527 2681">
     <span class='ocr_line' id='line_1_17' title="bbox 264 2596 1527 2681; baseline -0.012 -21"><span class='ocrx_word' id='word_1_97' title='bbox 264 2596 336 2662; x_wconf 87' lang='lat' dir='ltr'><em>Per.</em></span> <span class='ocrx_word' id='word_1_98' title='bbox 352 2624 373 2681; x_wconf 79' lang='grc' dir='ltr'><em>γ</em></span> <span class='ocrx_word' id='word_1_99' title='bbox 1381 2596 1458 2647; x_wconf 75' lang='lat' dir='ltr'><em>leon.</em></span> <span class='ocrx_word' id='word_1_100' title='bbox 1469 2609 1527 2661; x_wconf 78' lang='lat'>430.</span> 
     </span>
    </p>
   </div>
   <div class='ocr_carea' id='block_1_10' title="bbox 193 2714 1537 2906">
    <p class='ocr_par' dir='ltr' id='par_1_10' title="bbox 193 2714 1537 2906">
     <span class='ocr_line' id='line_1_18' title="bbox 308 2714 1537 2800; baseline -0.001 -20"><span class='ocrx_word' id='word_1_101' title='bbox 308 2714 440 2794; x_wconf 88' lang='lat' dir='ltr'><em>Perfice,</em></span> <span class='ocrx_word' id='word_1_102' title='bbox 455 2715 610 2795; x_wconf 86' lang='lat' dir='ltr'><em>Domine,</em></span> <span class='ocrx_word' id='word_1_103' title='bbox 629 2715 794 2800; x_wconf 85' lang='lat' dir='ltr'><em>benignus</em></span> <span class='ocrx_word' id='word_1_104' title='bbox 817 2715 850 2781; x_wconf 93' lang='lat' dir='ltr'><em>in</em></span> <span class='ocrx_word' id='word_1_105' title='bbox 874 2715 969 2782; x_wconf 92' lang='lat' dir='ltr'><em>nobis</em></span> <span class='ocrx_word' id='word_1_106' title='bbox 983 2716 1210 2783; x_wconf 83' lang='lat' dir='ltr'><em>observantiae</em></span> <span class='ocrx_word' id='word_1_107' title='bbox 1224 2725 1358 2783; x_wconf 90' lang='lat' dir='ltr'><em>sanctae</em></span> <span class='ocrx_word' id='word_1_108' title='bbox 1382 2727 1537 2793; x_wconf 67' lang='lat' dir='ltr'><em>ksrauuo</em></span> 
     </span>
     <span class='ocr_line' id='line_1_19' title="bbox 193 2818 1358 2906; baseline -0.001 -19"><span class='ocrx_word' id='word_1_109' title='bbox 193 2836 253 2896; x_wconf 71' lang='lat'><em>506</em></span> <span class='ocrx_word' id='word_1_110' title='bbox 266 2819 470 2899; x_wconf 83' lang='lat' dir='ltr'><em>subsidium3</em></span> <span class='ocrx_word' id='word_1_111' title='bbox 501 2828 538 2884; x_wconf 94' lang='lat' dir='ltr'><em>ut</em></span> <span class='ocrx_word' id='word_1_112' title='bbox 561 2839 648 2902; x_wconf 90' lang='lat' dir='ltr'><em>quae</em></span> <span class='ocrx_word' id='word_1_113' title='bbox 676 2829 711 2886; x_wconf 90' lang='lat' dir='ltr'><em>te</em></span> <span class='ocrx_word' id='word_1_114' title='bbox 743 2818 1065 2885; x_wconf 84' lang='lat' dir='ltr'><em>auctore·iacienda</em></span> <span class='ocrx_word' id='word_1_115' title='bbox 1082 2820 1294 2906; x_wconf 83' lang='lat' dir='ltr'><em>cognovimus</em></span> <span class='ocrx_word' id='word_1_116' title='bbox 1323 2829 1358 2886; x_wconf 94' lang='lat' dir='ltr'><em>te</em></span> 
     </span>
    </p>
   </div>
   <div class='ocr_carea' id='block_1_11' title="bbox 265 2793 1521 3007">
    <p class='ocr_par' dir='ltr' id='par_1_11' title="bbox 265 2793 1521 3007">
     <span class='ocr_line' id='line_1_20' title="bbox 439 2793 1521 2938; baseline -0.003 -26"><span class='ocrx_word' id='word_1_117' title='bbox 439 2922 446 2938; x_wconf 61' lang='grc'><strong>,</strong></span> <span class='ocrx_word' id='word_1_118' title='bbox 1382 2793 1521 2912; x_wconf 61' lang='lat' dir='ltr'><em>mat.</em></span> 
     </span>
     <span class='ocr_line' id='line_1_21' title="bbox 265 2921 796 3007; baseline -0.002 -19"><span class='ocrx_word' id='word_1_119' title='bbox 265 2932 423 3007; x_wconf 81' lang='lat' dir='ltr'><em>operante</em></span> <span class='ocrx_word' id='word_1_120' title='bbox 437 2921 643 3007; x_wconf 74' lang='lat' dir='ltr'><em>impleamus.</em></span> <span class='ocrx_word' id='word_1_121' title='bbox 689 2923 796 3006; x_wconf 75' lang='lat' dir='ltr'><em>Peay</em></span> 
     </span>
    </p>
   </div>
   <div class='ocr_carea' id='block_1_12' title="bbox 744 3056 892 3113">
    <p class='ocr_par' dir='ltr' id='par_1_12' title="bbox 744 3056 892 3113">
     <span class='ocr_line' id='line_1_22' title="bbox 744 3056 892 3113; baseline 0.007 -1"><span class='ocrx_word' id='word_1_122' title='bbox 744 3056 892 3113; x_wconf 74' lang='lat' dir='ltr'><em>Secreta.</em></span> 
     </span>
    </p>
   </div>
   <div class='ocr_carea' id='block_1_13' title="bbox 263 3154 1524 3778">
    <p class='ocr_par' dir='ltr' id='par_1_13' title="bbox 263 3154 1524 3550">
     <span class='ocr_line' id='line_1_23' title="bbox 310 3154 1455 3240; baseline -0.001 -17"><span class='ocrx_word' id='word_1_123' title='bbox 310 3154 523 3236; x_wconf 90' lang='lat' dir='ltr'><em>Sacrificium,</em></span> <span class='ocrx_word' id='word_1_124' title='bbox 538 3156 694 3232; x_wconf 83' lang='lat' dir='ltr'><em>Domine,</em></span> <span class='ocrx_word' id='word_1_125' title='bbox 716 3157 946 3222; x_wconf 87' lang='lat' dir='ltr'><em>observantiae</em></span> <span class='ocrx_word' id='word_1_126' title='bbox 965 3155 1130 3240; x_wconf 89' lang='lat' dir='ltr'><em>paschalis</em></span> <span class='ocrx_word' id='word_1_127' title='bbox 1148 3155 1358 3226; x_wconf 79' lang='lat' dir='ltr'><em>offerimus³z</em></span> <span class='ocrx_word' id='word_1_128' title='bbox 1384 3172 1415 3224; x_wconf 71' lang='lat' dir='ltr'>R</span> <span class='ocrx_word' id='word_1_129' title='bbox 1429 3171 1455 3223; x_wconf 86' lang='lat' dir='ltr'><em>S.</em></span> 
     </span>
     <span class='ocr_line' id='line_1_24' title="bbox 266 3238 1524 3354; baseline 0.002 -28"><span class='ocrx_word' id='word_1_130' title='bbox 266 3271 406 3345; x_wconf 87' lang='lat' dir='ltr'><em>praesta,</em></span> <span class='ocrx_word' id='word_1_131' title='bbox 437 3280 646 3344; x_wconf 86' lang='lat' dir='ltr'><em>quaesumus,</em></span> <span class='ocrx_word' id='word_1_132' title='bbox 676 3271 713 3326; x_wconf 93' lang='lat' dir='ltr'><em>ut</em></span> <span class='ocrx_word' id='word_1_133' title='bbox 745 3261 807 3327; x_wconf 91' lang='lat' dir='ltr'><em>tibi</em></span> <span class='ocrx_word' id='word_1_134' title='bbox 845 3270 879 3326; x_wconf 91' lang='lat' dir='ltr'><em>et</em></span> <span class='ocrx_word' id='word_1_135' title='bbox 916 3270 1044 3327; x_wconf 86' lang='lat' dir='ltr'><em>mentes</em></span> <span class='ocrx_word' id='word_1_136' title='bbox 1075 3271 1205 3327; x_wconf 89' lang='lat' dir='ltr'><em>nostras</em></span> <span class='ocrx_word' id='word_1_137' title='bbox 1241 3264 1360 3330; x_wconf 90' lang='lat' dir='ltr'><em>reddat</em></span> <span class='ocrx_word' id='word_1_138' title='bbox 1384 3238 1524 3354; x_wconf 54' lang='lat' dir='ltr'><em>ffiffi</em></span> 
     </span>
     <span class='ocr_line' id='line_1_25' title="bbox 263 3361 1506 3452; baseline 0.003 -23"><span class='ocrx_word' id='word_1_139' title='bbox 263 3373 427 3447; x_wconf 86' lang='lat' dir='ltr'><em>acceptas,</em></span> <span class='ocrx_word' id='word_1_140' title='bbox 447 3373 482 3428; x_wconf 90' lang='lat' dir='ltr'><em>et</em></span> <span class='ocrx_word' id='word_1_141' title='bbox 501 3365 723 3430; x_wconf 89' lang='lat' dir='ltr'><em>continentiae</em></span> <span class='ocrx_word' id='word_1_142' title='bbox 747 3365 959 3450; x_wconf 88' lang='lat' dir='ltr'><em>promptioris</em></span> <span class='ocrx_word' id='word_1_143' title='bbox 983 3361 1093 3452; x_wconf 88' lang='lat' dir='ltr'><em>[nobis</em></span> <span class='ocrx_word' id='word_1_144' title='bbox 1115 3366 1237 3432; x_wconf 89' lang='lat' dir='ltr'><em>tribuat</em></span> <span class='ocrx_word' id='word_1_145' title='bbox 1258 3366 1358 3433; x_wconf 82' lang='lat' dir='ltr'><em>sacul-</em></span> <span class='ocrx_word' id='word_1_146' title='bbox 1383 3368 1453 3419; x_wconf 66' lang='lat' dir='ltr'><em>Men„</em></span> <span class='ocrx_word' id='word_1_147' title='bbox 1466 3367 1506 3433; x_wconf 79' lang='lat'><em>³⁶·</em></span> 
     </span>
     <span class='ocr_line' id='line_1_26' title="bbox 264 3457 567 3550; baseline -0.003 -18"><span class='ocrx_word' id='word_1_148' title='bbox 264 3457 368 3533; x_wconf 82' lang='lat' dir='ltr'><em>tatem</em></span> <span class='ocrx_word' id='word_1_149' title='bbox 378 3465 415 3550; x_wconf 62' lang='grc' dir='ltr'>Ἰ</span> <span class='ocrx_word' id='word_1_150' title='bbox 460 3466 567 3550; x_wconf 74' lang='lat' dir='ltr'><em>Peny</em></span> 
     </span>
    </p>

    <p class='ocr_par' dir='ltr' id='par_1_14' title="bbox 309 3591 1455 3778">
     <span class='ocr_line' id='line_1_27' title="bbox 683 3591 931 3649; baseline 0.012 -3"><span class='ocrx_word' id='word_1_151' title='bbox 683 3591 931 3649; x_wconf 66' lang='lat' dir='ltr'><em>postcommun</em></span> 
     </span>
     <span class='ocr_line' id='line_1_28' title="bbox 309 3691 1455 3778; baseline -0.004 -22"><span class='ocrx_word' id='word_1_152' title='bbox 309 3691 442 3777; x_wconf 89' lang='lat' dir='ltr'><em>Repleti</em></span> <span class='ocrx_word' id='word_1_153' title='bbox 457 3712 582 3772; x_wconf 91' lang='lat' dir='ltr'><em>sumus,</em></span> <span class='ocrx_word' id='word_1_154' title='bbox 599 3691 744 3757; x_wconf 89' lang='lat' dir='ltr'><em>Domine</em></span> <span class='ocrx_word' id='word_1_155' title='bbox 755 3691 780 3772; x_wconf 79' lang='lat'><em>⁶,</em></span> <span class='ocrx_word' id='word_1_156' title='bbox 793 3695 957 3758; x_wconf 91' lang='lat' dir='ltr'><em>donorum</em></span> <span class='ocrx_word' id='word_1_157' title='bbox 973 3691 1224 3778; x_wconf 86' lang='lat' dir='ltr'><em>participatione</em></span> <span class='ocrx_word' id='word_1_158' title='bbox 1238 3693 1359 3759; x_wconf 87' lang='lat' dir='ltr'><em>caeles·</em></span> <span class='ocrx_word' id='word_1_159' title='bbox 1384 3701 1418 3753; x_wconf 69' lang='lat' dir='ltr'>k</span> <span class='ocrx_word' id='word_1_160' title='bbox 1428 3700 1455 3752; x_wconf 85' lang='lat' dir='ltr'><em>S.</em></span> 
     </span>
    </p>
   </div>
   <div class='ocr_carea' id='block_1_14' title="bbox 265 3767 1524 3966">
    <p class='ocr_par' dir='ltr' id='par_1_15' title="bbox 265 3767 1524 3966">
     <span class='ocr_line' id='line_1_29' title="bbox 266 3767 1524 3897; baseline 0.002 -36"><span class='ocrx_word' id='word_1_161' title='bbox 266 3796 370 3862; x_wconf 89' lang='lat' dir='ltr'><em>tium:</em></span> <span class='ocrx_word' id='word_1_162' title='bbox 392 3807 534 3880; x_wconf 84' lang='lat' dir='ltr'><em>praesta,</em></span> <span class='ocrx_word' id='word_1_163' title='bbox 549 3816 757 3881; x_wconf 90' lang='lat' dir='ltr'><em>quaesumus,</em></span> <span class='ocrx_word' id='word_1_164' title='bbox 769 3806 807 3863; x_wconf 94' lang='lat' dir='ltr'><em>ut</em></span> <span class='ocrx_word' id='word_1_165' title='bbox 822 3799 938 3863; x_wconf 89' lang='lat' dir='ltr'><em>eadem</em></span> <span class='ocrx_word' id='word_1_166' title='bbox 955 3806 989 3862; x_wconf 93' lang='lat' dir='ltr'><em>et</em></span> <span class='ocrx_word' id='word_1_167' title='bbox 1006 3816 1176 3863; x_wconf 87' lang='lat' dir='ltr'><em>sumamus</em></span> <span class='ocrx_word' id='word_1_168' title='bbox 1193 3798 1312 3882; x_wconf 86' lang='lat' dir='ltr'><em>iugiter</em></span> <span class='ocrx_word' id='word_1_169' title='bbox 1325 3808 1360 3863; x_wconf 91' lang='lat' dir='ltr'><em>et</em></span> <span class='ocrx_word' id='word_1_170' title='bbox 1385 3767 1524 3897; x_wconf 56' lang='lat' dir='ltr'><em>ffiffi,</em></span> 
     </span>
     <span class='ocr_line' id='line_1_30' title="bbox 265 3897 1506 3966; baseline -0.002 -3"><span class='ocrx_word' id='word_1_171' title='bbox 265 3899 500 3966; x_wconf 86' lang='lat' dir='ltr'><em>incessabiliter</em></span> <span class='ocrx_word' id='word_1_172' title='bbox 519 3897 712 3964; x_wconf 84' lang='lat' dir='ltr'><em>ambiamus</em></span> <span class='ocrx_word' id='word_1_173' title='bbox 758 3897 831 3964; x_wconf 91' lang='lat' dir='ltr'><em>Per.</em></span> <span class='ocrx_word' id='word_1_174' title='bbox 1384 3898 1453 3949; x_wconf 68' lang='lat' dir='ltr'><em>Mat</em></span> <span class='ocrx_word' id='word_1_175' title='bbox 1466 3910 1506 3962; x_wconf 70' lang='lat'><em>³4</em></span> 
     </span>
    </p>
   </div>
   <div class='ocr_carea' id='block_1_15' title="bbox 682 4040 941 4110">
    <p class='ocr_par' dir='ltr' id='par_1_16' title="bbox 682 4040 941 4110">
     <span class='ocr_line' id='line_1_31' title="bbox 682 4040 941 4110; baseline 0 -12"><span class='ocrx_word' id='word_1_176' title='bbox 682 4041 738 4098; x_wconf 80' lang='lat' dir='ltr'><em>Ad</em></span> <span class='ocrx_word' id='word_1_177' title='bbox 758 4040 941 4110; x_wconf 83' lang='lat' dir='ltr'><em>Populum.</em></span> 
     </span>
    </p>
   </div>
   <div class='ocr_carea' id='block_1_16' title="bbox 265 4140 1526 4521">
    <p class='ocr_par' dir='ltr' id='par_1_17' title="bbox 265 4140 1526 4521">
     <span class='ocr_line' id='line_1_32' title="bbox 311 4140 1455 4229; baseline 0.003 -22"><span class='ocrx_word' id='word_1_178' title='bbox 311 4142 366 4208; x_wconf 93' lang='lat' dir='ltr'><em>De</em></span> <span class='ocrx_word' id='word_1_179' title='bbox 393 4140 603 4208; x_wconf 90' lang='lat' dir='ltr'><em>multitudine</em></span> <span class='ocrx_word' id='word_1_180' title='bbox 628 4143 874 4209; x_wconf 88' lang='lat' dir='ltr'><em>misericordiae</em></span> <span class='ocrx_word' id='word_1_181' title='bbox 899 4153 985 4223; x_wconf 85' lang='lat' dir='ltr'><em>tuae,</em></span> <span class='ocrx_word' id='word_1_182' title='bbox 1015 4144 1168 4224; x_wconf 88' lang='lat' dir='ltr'><em>Domine,</em></span> <span class='ocrx_word' id='word_1_183' title='bbox 1201 4143 1360 4229; x_wconf 89' lang='lat' dir='ltr'><em>populum</em></span> <span class='ocrx_word' id='word_1_184' title='bbox 1386 4166 1455 4220; x_wconf 65' lang='lat' dir='ltr'><em>ns,</em></span> 
     </span>
     <span class='ocr_line' id='line_1_33' title="bbox 266 4234 1526 4364; baseline 0.004 -54"><span class='ocrx_word' id='word_1_185' title='bbox 266 4247 328 4311; x_wconf 91' lang='lat' dir='ltr'><em>tibi</em></span> <span class='ocrx_word' id='word_1_186' title='bbox 351 4255 486 4330; x_wconf 83' lang='lat' dir='ltr'><em>protege</em></span> <span class='ocrx_word' id='word_1_187' title='bbox 506 4246 729 4326; x_wconf 86' lang='lat' dir='ltr'><em>confitentem,</em></span> <span class='ocrx_word' id='word_1_188' title='bbox 744 4257 780 4312; x_wconf 93' lang='lat' dir='ltr'><em>et</em></span> <span class='ocrx_word' id='word_1_189' title='bbox 803 4248 1017 4332; x_wconf 90' lang='lat' dir='ltr'><em>corporaliter</em></span> <span class='ocrx_word' id='word_1_190' title='bbox 1042 4249 1261 4332; x_wconf 83' lang='lat' dir='ltr'><em>gubernatum</em></span> <span class='ocrx_word' id='word_1_191' title='bbox 1287 4248 1362 4332; x_wconf 88' lang='lat' dir='ltr'><em>piae</em></span> <span class='ocrx_word' id='word_1_192' title='bbox 1386 4234 1526 4364; x_wconf 38' lang='lat'><em>9⁰32&amp;</em></span> 
     </span>
     <span class='ocr_line' id='line_1_34' title="bbox 267 4350 1507 4438; baseline 0.002 -23"><span class='ocrx_word' id='word_1_193' title='bbox 267 4351 388 4416; x_wconf 90' lang='lat' dir='ltr'><em>mentis</em></span> <span class='ocrx_word' id='word_1_194' title='bbox 401 4350 555 4416; x_wconf 78' lang='lat' dir='ltr'><em>affectum</em></span> <span class='ocrx_word' id='word_1_195' title='bbox 564 4350 586 4427; x_wconf 81' lang='lat'><em>⁸,</em></span> <span class='ocrx_word' id='word_1_196' title='bbox 602 4352 667 4417; x_wconf 86' lang='lat' dir='ltr'><em>tuis</em></span> <span class='ocrx_word' id='word_1_197' title='bbox 682 4352 872 4418; x_wconf 89' lang='lat' dir='ltr'><em>muneribus</em></span> <span class='ocrx_word' id='word_1_198' title='bbox 890 4353 1104 4436; x_wconf 86' lang='lat' dir='ltr'><em>assequendis</em></span> <span class='ocrx_word' id='word_1_199' title='bbox 1119 4353 1210 4419; x_wconf 86' lang='lat' dir='ltr'><em>effice</em></span> <span class='ocrx_word' id='word_1_200' title='bbox 1227 4372 1361 4438; x_wconf 85' lang='lat' dir='ltr'><em>promp·</em></span> <span class='ocrx_word' id='word_1_201' title='bbox 1387 4365 1455 4417; x_wconf 76' lang='lat' dir='ltr'><em>Men</em></span> <span class='ocrx_word' id='word_1_202' title='bbox 1467 4378 1507 4430; x_wconf 75' lang='lat'><em>34</em></span> 
     </span>
     <span class='ocr_line' id='line_1_35' title="bbox 265 4455 509 4521; baseline -0.008 -1"><span class='ocrx_word' id='word_1_203' title='bbox 265 4456 394 4521; x_wconf 89' lang='lat' dir='ltr'><em>tiorem.</em></span> <span class='ocrx_word' id='word_1_204' title='bbox 438 4455 509 4520; x_wconf 90' lang='lat' dir='ltr'><em>Per.</em></span> 
     </span>
    </p>
   </div>
   <div class='ocr_carea' id='block_1_17' title="bbox 267 4621 1545 5064">
    <p class='ocr_par' dir='ltr' id='par_1_18' title="bbox 267 4621 1545 5064">
     <span class='ocr_line' id='line_1_36' title="bbox 501 4621 1128 4689; baseline -0.002 -5"><span class='ocrx_word' id='word_1_205' title='bbox 501 4621 545 4685; x_wconf 80' lang='lat' dir='ltr'><em>lu</em></span> <span class='ocrx_word' id='word_1_206' title='bbox 568 4621 731 4688; x_wconf 78' lang='lat' dir='ltr'><em>lmutuo.</em></span> <span class='ocrx_word' id='word_1_207' title='bbox 778 4623 904 4688; x_wconf 76' lang='lat' dir='ltr'><em>Pomm</em></span> <span class='ocrx_word' id='word_1_208' title='bbox 927 4621 1128 4689; x_wconf 77' lang='lat' dir='ltr'><em>Snnnroun.</em></span> 
     </span>
     <span class='ocr_line' id='line_1_37' title="bbox 730 4732 901 4800; baseline 0.023 -4"><span class='ocrx_word' id='word_1_209' title='bbox 730 4732 834 4799; x_wconf 73' lang='lat' dir='ltr'><em>Ferit</em></span> <span class='ocrx_word' id='word_1_210' title='bbox 856 4735 901 4800; x_wconf 83' lang='lat' dir='ltr'><em>iv.</em></span> 
     </span>
     <span class='ocr_line' id='line_1_38' title="bbox 312 4843 1545 4932; baseline 0 -22"><span class='ocrx_word' id='word_1_211' title='bbox 312 4843 474 4911; x_wconf 88' lang='lat' dir='ltr'><em>Inchoata</em></span> <span class='ocrx_word' id='word_1_212' title='bbox 500 4843 625 4923; x_wconf 88' lang='lat' dir='ltr'><em>ieiunia,</em></span> <span class='ocrx_word' id='word_1_213' title='bbox 657 4865 867 4928; x_wconf 89' lang='lat' dir='ltr'><em>quaesumus,</em></span> <span class='ocrx_word' id='word_1_214' title='bbox 895 4846 1049 4927; x_wconf 91' lang='lat' dir='ltr'><em>Domine,</em></span> <span class='ocrx_word' id='word_1_215' title='bbox 1079 4845 1222 4932; x_wconf 82' lang='lat' dir='ltr'><em>benigno</em></span> <span class='ocrx_word' id='word_1_216' title='bbox 1250 4845 1363 4912; x_wconf 81' lang='lat' dir='ltr'><em>favore</em></span> <span class='ocrx_word' id='word_1_217' title='bbox 1387 4868 1457 4921; x_wconf 69' lang='lat' dir='ltr'><em>ltu</em></span> <span class='ocrx_word' id='word_1_218' title='bbox 1532 4907 1545 4920; x_wconf 21' lang='lat'><em>⁴,</em></span> 
     </span>
     <span class='ocr_line' id='line_1_39' title="bbox 267 4933 1518 5064; baseline 0.006 -53"><span class='ocrx_word' id='word_1_219' title='bbox 267 4967 474 5033; x_wconf 87' lang='lat' dir='ltr'><em>prosequere,</em></span> <span class='ocrx_word' id='word_1_220' title='bbox 489 4959 527 5015; x_wconf 93' lang='lat' dir='ltr'><em>ut</em></span> <span class='ocrx_word' id='word_1_221' title='bbox 546 4949 799 5027; x_wconf 75' lang='lat' dir='ltr'><em>observantiam,</em></span> <span class='ocrx_word' id='word_1_222' title='bbox 813 4971 914 5034; x_wconf 85' lang='lat' dir='ltr'><em>quarn</em></span> <span class='ocrx_word' id='word_1_223' title='bbox 935 4951 1148 5035; x_wconf 88' lang='lat' dir='ltr'><em>corporaliter</em></span> <span class='ocrx_word' id='word_1_224' title='bbox 1163 4971 1362 5030; x_wconf 82' lang='lat' dir='ltr'><em>exercemus,</em></span> <span class='ocrx_word' id='word_1_225' title='bbox 1388 4933 1518 5064; x_wconf 52' lang='lat' dir='ltr'><em>(omi)</em></span> 
     </span>
    </p>
   </div>
   <div class='ocr_carea' id='block_1_18' title="bbox 268 5051 1525 5195">
    <p class='ocr_par' dir='ltr' id='par_1_19' title="bbox 268 5051 1525 5195">
     <span class='ocr_line' id='line_1_40' title="bbox 268 5051 1525 5195; baseline 0.001 -78"><span class='ocrx_word' id='word_1_226' title='bbox 268 5053 435 5118; x_wconf 89' lang='lat' dir='ltr'><em>mentibus</em></span> <span class='ocrx_word' id='word_1_227' title='bbox 448 5052 615 5118; x_wconf 86' lang='lat' dir='ltr'><em>valeamus</em></span> <span class='ocrx_word' id='word_1_228' title='bbox 629 5051 787 5138; x_wconf 83' lang='lat' dir='ltr'><em>implere⁷</em></span> <span class='ocrx_word' id='word_1_229' title='bbox 802 5056 943 5121; x_wconf 75' lang='lat' dir='ltr'><em>sinceris</em></span> <span class='ocrx_word' id='word_1_230' title='bbox 989 5056 1096 5137; x_wconf 75' lang='lat' dir='ltr'><em>Peny</em></span> <span class='ocrx_word' id='word_1_231' title='bbox 1387 5067 1457 5183; x_wconf 42' lang='grc' dir='ltr'><strong>ἢ</strong></span> <span class='ocrx_word' id='word_1_232' title='bbox 1470 5064 1525 5195; x_wconf 51' lang='grc' dir='ltr'><em>ἓὲσ.</em></span> 
     </span>
    </p>
   </div>
   <div class='ocr_carea' id='block_1_19' title="bbox 0 0 1701 5828">
    <p class='ocr_par' dir='ltr' id='par_1_20' title="bbox 0 0 1701 5828">
     <span class='ocr_line' id='line_1_41' title="bbox 0 0 1701 5828; baseline 0 0"><span class='ocrx_word' id='word_1_233' title='bbox 0 0 1701 5828; x_wconf 95' lang='lat' dir='ltr'><em> </em></span> 
     </span>
    </p>
   </div>
  </div>
 </body>
</html>
