3352 5828
170 804 191 855 1.
202 800 256 869 aa]
479 798 692 856 ROMANAE
713 796 957 856 recussus.
1203 801 1264 873 155

171 966 255 1032 dotii
271 963 369 1029 nobis
382 972 534 1048 tempora
550 963 708 1047 dignatus
728 984 763 1029 es
778 963 903 1028 donare
923 961 1109 1046 praecipua
1153 959 1265 1045 Quam

172 1069 384 1135 oblationem.

588 1161 839 1219 Postoommun.

217 1277 318 1355 Deus,
347 1274 404 1360 qui
433 1295 494 1340 nos
522 1275 737 1341 sacramentis
765 1275 831 1339 tuis
861 1295 993 1358 pascere
1021 1294 1088 1339 non
1124 1273 1265 1351 desistis,
1291 1284 1435 1349 laeuus.

174 1380 293 1459 tribue,
314 1398 522 1461 quaesumus,
544 1388 582 1443 ut
604 1398 718 1443 eorum
740 1378 836 1443 nobis
857 1376 984 1443 indulta
1006 1375 1141 1443 resectio
1161 1376 1265 1440 vitam

175 1482 321 1551 conserat
335 1482 576 1567 sempiternam
624 1481 693 1547 Per.

173 1793 305 1859 ’ptem
408 1791 935 1844 ‘Thewordsinbracketurenotin
978 1790 1266 1853 ,bntthinorrone

175 1859 316 1926 equinlerrt
327 1858 397 1922 form,
410 1858 432 1909 is
442 1859 555 1926 required
566 1858 606 1909 t'or
617 1858 660 1909 the
670 1857 823 1925 eompletion
833 1857 863 1909 oi
871 1857 914 1908 the
924 1856 1014 1908 clsnsc.

687 2237 761 2296 011.

381 2369 478 2433 lnsn
503 2368 620 2434 M1ssn
643 2380 713 2432 nno
734 2380 824 2432 Auro
845 2379 1068 2433 sncnnnonn.

223 2509 324 2586 Deus,
338 2507 395 2590 qui
413 2507 541 2572 dierum
558 2514 745 2572 nostrorum
759 2525 922 2584 numeros,
938 2524 1172 2590 mensurasque
1186 2515 1270 2570 tem·
1295 2511 1373 2562 laeon
1384 2511 1441 2578 428·

180 2608 320 2695 porum¹
339 2609 522 2676 maiestatis
544 2620 622 2675 tuae
639 2617 805 2694 potestate
826 2608 1003 2694 dispensas,
1017 2610 1061 2675 ad
1077 2607 1271 2674 humilitatis

182 2723 314 2780 nostrae
329 2710 514 2799 propitius²
528 2713 653 2798 respice
668 2712 870 2792 servitutem,
884 2713 943 2778 et⁸
962 2723 1040 2778 tuae
1059 2712 1150 2796 pacis
1168 2712 1272 2778 abun·

182 2817 296 2883 dantia
310 2826 461 2902 tempora
472 2826 584 2882 nostra
599 2826 632 2881 et
647 2816 791 2901 episcopi
806 2816 909 2882 nostri
923 2825 981 2881 tua
994 2816 1101 2901 gratia
1113 2815 1272 2901 benignus

181 2917 384 2988 accumulat
430 2921 501 2987 Per.

656 3015 801 3071 δοοτοῢα.

226 3127 379 3211 Respice,
404 3147 612 3212 quaesumus,
636 3126 789 3206 Domine,
814 3135 961 3191 nostram
987 3125 1147 3211 propitius
1171 3126 1271 3192 servi·
1298 3135 1444 3202 uuum.

181 3239 287 3296 tutem
300 3253 309 3312 ;
331 3240 365 3296 et
379 3228 461 3295 haec
477 3229 601 3294 oblatio
615 3239 730 3295 nostra
743 3227 808 3294 sit⁶
822 3229 884 3294 tibi
900 3248 1018 3294 munus
1033 3239 1214 3314 acceptum,
1231 3230 1274 3295 sit

180 3332 366 3421 fragilitatis
380 3343 511 3401 nostrae
524 3332 706 3399 subsidium
722 3332 965 3417 sempiternum.
1010 3333 1072 3399 Per
1080 3332 1102 3399 ⁶.
1124 3359 1145 3416 γ

577 3526 673 3583 Innn
693 3526 873 3586 notionem.

225 3643 324 3707 Hanc
338 3641 435 3726 igitur
449 3639 653 3706 oblationem
668 3639 783 3705 famuli
797 3640 847 3703 tui
865 3648 899 3704 et
918 3639 1076 3705 antistitis
1095 3639 1143 3704 tui
1163 3639 1272 3717 Illius,

180 3765 280 3830 quam
304 3746 365 3811 tibi
387 3745 484 3809 offert
507 3744 553 3808 ob
577 3744 788 3809 devotionem
812 3743 932 3809 mentis
954 3764 1042 3823 suae,
1065 3763 1274 3828 quaesumus,

181 3849 336 3928 Domine,
365 3848 516 3933 placatus
551 3847 702 3931 accipias,
732 3856 856 3930 tuaque
891 3848 925 3912 in
962 3869 1003 3913 eo
1040 3867 1175 3912 munera
1204 3847 1275 3930 ipse

182 3954 370 4033 custodias3
391 3953 559 4035 donesque
581 3951 612 4016 ei
638 3971 797 4016 annorum
821 3952 939 4036 spatia,
958 3961 997 4017 ut
1018 3951 1174 4016 ecclesiae
1196 3960 1275 4016 tuae

183 4055 319 4123 feliciter
350 4056 576 4140 praesidendo,
598 4063 633 4120 te
658 4056 770 4121 omnia
800 4056 833 4120 in
861 4054 1016 4120 omnibus
1039 4064 1205 4141 operante,
1228 4054 1276 4120 sic

184 4170 296 4227 utatur
310 4157 526 4244 temporalia*
542 4168 580 4224 ut
594 4159 742 4244 praemia
762 4169 927 4224 mereatur
943 4167 1085 4224 aeterna
1129 4158 1276 4242 Diesque

184 4275 323 4331 nostros

111 4369 171 4429 629
280 4396 286 4407 ·
601 4359 853 4417 Postoommun

229 4474 293 4553 Da,
302 4491 509 4556 quaesumus,
520 4472 673 4548 Domine,
684 4481 722 4537 ut
733 4471 817 4536 tanti
827 4471 974 4554 mysterii
986 4490 1103 4535 munus
1114 4467 1276 4535 indultum
1302 4481 1379 4532 xxviii

184 4598 251 4644 non
267 4576 507 4656 condemnatio,
524 4577 583 4642 sed
598 4577 642 4640 sit
657 4575 820 4640 medicina
834 4574 1047 4640 sumentibus.
1092 4574 1161 4639 Per.
1300 4554 1388 4612 ''ff''

219 4755 664 4823 *eamquemmmtaeou
795 4753 1278 4821 'propitimadkumilitatr'snosrm

186 4822 264 4874 Iaeon.
369 4821 512 4872 ‘urlaeon
616 4819 1110 4885 ‘nmmumtrmmulmturlaeon-
1218 4817 1278 4868 'ut

185 4886 517 4981 pudcefferimmsitlaeon.
637 4882 1276 4951 ‘ntmnmsmgilr'tatisndn'dimstnlaeou

211 4953 367 5019 tmpomls'cu,
377 4968 406 5003 so
416 4952 448 5004 V.
459 4950 698 5018 ungnmmnoelly.
