3352 5828
689 806 918 869 APPENDIX.
1288 805 1350 882 307

428 969 527 1032 Mirm
540 973 633 1031 nobba
647 973 677 1031 in
692 968 859 1032 Sanctorum
874 968 1190 1054 [Commemorausnflt
1379 971 1456 1024 Gerb

344 1085 399 1149 so.
418 1099 448 1148 et
468 1106 507 1146 m.
528 1086 566 1147 n.
586 1087 633 1149 eur
655 1087 782 1149 neuim
802 1100 900 1149 votum
923 1088 952 1147 rn
974 1087 1157 1149 Hierusalem
1378 1054 1404 1106 Ρ·
1417 1039 1474 1090 ²⁸¹·

343 1185 474 1246 *Exaudi
494 1204 523 1247 o.
543 1184 581 1247 D.
603 1187 840 1266 deprecationem
859 1196 989 1248 nostram
1009 1205 1063 1265 pro
1083 1185 1195 1248 famulo

362 1280 461 1367 [sVD.
482 1283 573 1346 Cuius
592 1284 722 1364 potentia
742 1282 936 1368 deprecanda]

362 1381 495 1444 Muneris
515 1382 602 1443 divini
622 1385 750 1462 percepti
769 1403 799 1462 q.
819 1383 895 1444 Dne.

394 1538 541 1618 Incipiunt
558 1543 694 1602 orau'ones
713 1542 885 1619 quotidianis
904 1542 998 1602 deibus
1016 1542 1059 1602 ad
1074 1539 1229 1603 Misom'.

363 1656 506 1734 Perpetua
526 1675 555 1734 q.
576 1656 652 1717 Dne.
672 1675 747 1735 pace
766 1658 880 1719 custodi
900 1677 975 1738 quos
996 1659 1026 1718 in
1048 1668 1076 1720 te

364 1755 477 1815 Adesto
496 1755 581 1816 nobis
601 1773 641 1814 m.
661 1753 699 1815 D.
719 1765 748 1817 et
768 1765 835 1817 tuae
855 1756 968 1835 pietatis

363 1853 476 1914 Adesto
496 1854 580 1914 nobis
600 1872 630 1932 q.
650 1853 727 1915 Dne.
748 1866 777 1915 et
796 1872 898 1934 preces

364 1951 503 2031 Mysteria
523 1964 624 2013 sancta
643 1971 699 2014 nos
719 1953 797 2014 Dne.
817 1965 846 2015 et
865 1953 1038 2033 spiritalibus

365 2049 515 2111 Protector
535 2051 566 2110 in
586 2061 615 2111 te
636 2051 814 2130 sperantium
833 2050 872 2110 D.
893 2062 922 2112 et
941 2051 1121 2111 subditarum

678 2208 748 2269 Item
763 2211 822 2269 altis
835 2208 941 2270 Airita.

365 2322 480 2384 Exaudi
500 2342 556 2385 nos
576 2326 728 2386 miserator
747 2336 777 2385 et
796 2343 836 2384 m.
856 2323 895 2384 D.
1019 2400 1022 2407 Ι

366 2421 462 2483 Plebis
481 2432 549 2484 tuae
569 2421 606 2483 D.
626 2422 665 2483 ad
686 2433 714 2482 te
735 2422 824 2484 corda
844 2433 979 2483 converte

367 2519 489 2582 Hostias
509 2540 538 2600 q.
558 2520 634 2582 Dne.
656 2522 770 2600 nneipe
791 2520 921 2599 placatus
941 2520 1053 2581 oblatas

369 2617 477 2679 Sancta
497 2630 547 2678 tua
567 2637 623 2679 nos
643 2618 719 2679 Dne.
739 2638 769 2698 q.
790 2631 818 2680 et
838 2638 856 2678 a
876 2619 1001 2697 mesatis

369 2716 489 2795 Suscipe
509 2735 539 2794 q.
559 2716 636 2778 Dne.
657 2735 760 2795 preces
780 2727 893 2778 nostras

682 2871 765 2957 [Item
779 2876 839 2935 airis
852 2873 958 2935 Missa.

369 2988 407 3063 Q.
427 3009 455 3052 o
478 2990 516 3051 D.
536 2999 569 3052 ut
588 2990 671 3070 plebs
691 3003 740 3051 tua
761 3002 822 3052 toto
843 2992 894 3052 tibi
914 2992 1002 3053 oorde

370 3087 509 3149 Miserere
530 3090 620 3150 nostri
640 3089 678 3149 D.
698 3100 727 3150 et
748 3100 816 3150 tuae

350 3184 489 3265 *Suscipe
509 3184 586 3247 Dne.
607 3206 637 3266 q.
657 3185 781 3248 hostiam
801 3187 1008 3267 'redemptionis

368 3283 416 3344 Da
436 3303 464 3363 q.
487 3303 514 3345 o.
535 3284 573 3345 D.
593 3297 626 3345 ut
647 3287 848 3363 mysteriorum

368 3382 453 3444 Adsit
473 3381 549 3443 Dne.
570 3384 702 3444 fidelibus
722 3384 778 3444 tuis
798 3381 912 3466 merae]

673 3534 755 3619 [item
769 3541 829 3598 oleis
842 3538 949 3599 Messa.

370 3652 452 3732 Rege
472 3664 588 3715 noscas
607 3654 682 3714 Dne.
706 3655 848 3733 propitius
868 3654 1028 3715 voluntates

368 3752 416 3813 Da
437 3752 552 3812 famulis
573 3754 628 3812 tuis
648 3751 685 3811 D.
707 3752 920 3830 indulgentiam
939 3761 1128 3830 peccatorum

369 3851 438 3911 Tua
457 3860 640 3912 sacramenta
659 3868 714 3911 nos
734 3848 773 3910 D.
793 3851 1003 3929 circumtegant

369 3948 965 4028 VD.thuiatuiestoperissiquid
1063 4030 1066 4035 Ι

369 4048 437 4108 Tua
457 4059 560 4108 sancta
580 4047 665 4108 nobis
686 4065 715 4109 o.
735 4045 774 4109 D.
796 4065 871 4127 quae
892 4049 1070 4126 sumpsimus

370 4145 521 4206 familiam
542 4155 622 4206 tuam
644 4145 720 4207 Dne.
741 4146 869 4225 pervigili
889 4143 1008 4229 pietate]

674 4298 757 4385 [Item
771 4305 832 4364 altis
846 4303 952 4364 Mr’ssa.
1390 4327 1466 4380 <2251²
1478 4344 1521 4396 pp,

370 4420 540 4498 Comprime
561 4419 637 4480 Dne.
659 4438 688 4499 q.
710 4422 815 4481 noxios
835 4438 951 4499 semper
970 4420 1102 4481 meamus
1358 4443 1361 4468 r
1392 4407 1516 4458 ’³¹⁹²st

372 4518 422 4579 Tu
442 4516 520 4578 Dne.
540 4537 655 4597 semper
675 4536 694 4576 a
714 4519 801 4579 nobis
821 4537 942 4579 omnem
961 4537 1080 4580 remove

371 4617 408 4676 In
428 4627 478 4677 tuo
498 4627 656 4695 conspectu
677 4616 753 4677 Dne.
774 4634 803 4696 q.
823 4616 890 4676 talia

372 4713 440 4773 VD.
459 4712 501 4774 Ut
521 4733 581 4775 non
601 4716 633 4775 in
653 4715 739 4775 nobis
760 4726 860 4775 nostra
880 4714 989 4774 malitia

375 4811 546 4886 Quotidiani
566 4811 642 4873 Dne.
662 4832 692 4891 q.
713 4831 834 4873 monere
854 4814 1026 4875 sacramenti

375 4910 502 4990 Respice
521 4909 597 4971 Dne.
617 4912 757 4990 propitios
777 4911 893 4990 plebem
913 4907 1006 4993 tuam]

480 5067 713 5119 ¹TberrordinS.
730 5069 986 5130 isovmanerasum
1004 5068 1161 5119 Romltsit

479 5133 787 5186 ’Raddsmmcmna
