3352 5828
298 389 340 470 48
584 395 711 456 LIBER
731 398 1120 457 SACRAMENTORUM
1257 401 1291 469 [1.
1306 399 1396 451 xxxiii.

298 561 474 648 expleatur
500 562 652 642 caelesti3
685 573 847 649 quatenus
872 564 914 630 sit
936 584 1075 650 semper,
1099 562 1254 640 Domine,
1278 562 1396 648 spiritu

298 666 437 745 fervens,
453 687 513 751 spe
526 669 686 751 gaudens,
701 678 761 733 tuo
776 688 908 753 semper
926 668 1052 733 nomini
1072 668 1225 735 serviens.
1270 666 1397 732 Perduc

301 790 378 835 eum
402 772 445 837 ad
471 792 577 837 novae
601 772 855 858 regenerationis
881 772 1056 854 lavacrum,
1079 783 1117 839 ut
1142 793 1217 838 cum
1245 770 1398 837 fidelibus

301 873 368 940 tuis
412 875 669 959 promissionum
706 886 837 941 tuarum
881 886 1016 943 aeterna
1057 877 1204 961 praemia
1240 873 1400 958 consequi

303 975 498 1044 mereatur&
542 979 605 1044 Per
621 980 805 1046 Dominum
820 1005 849 1060 γ.
1072 980 1077 989 ’

347 1119 357 1189 ¹.
372 1120 458 1172 datam
467 1122 519 1172 sale
529 1121 561 1172 V.
571 1138 579 1185 ς
592 1123 681 1173 darum
691 1123 753 1174 salis
764 1135 807 1185 mr
823 1123 855 1175 R.
865 1123 934 1189 gives
944 1138 979 1173 no
989 1123 1052 1175 title.
1149 1122 1161 1154 ¹
1176 1138 1319 1175 mereamur
1329 1135 1357 1174 n.

765 1385 932 1444 mm

518 1514 614 1581 Iran
638 1515 850 1583 Exoncrsrss
872 1529 991 1582 susan
1014 1517 1193 1583 Essenos.

373 1649 460 1732 Quos
473 1652 591 1736 acolyti
596 1650 609 1692 ¹
624 1654 775 1737 imposita
789 1675 889 1719 manu
902 1664 997 1738 seper
1012 1675 1063 1721 eor
1076 1655 1180 1721 dicere
1190 1650 1204 1691 ⁸
1216 1653 1338 1720 debent.

122 1812 155 1863 p„
351 1789 445 1856 Deus
474 1789 659 1867 Abraham,
689 1792 783 1857 Deus
813 1792 917 1871 Isaac,
947 1792 1040 1858 Deus
1071 1792 1184 1872 Iacob,
1220 1791 1313 1857 Deus
1348 1790 1404 1874 qui

124 1876 270 1995 19:2⁹:ae
307 1893 420 1978 Moysi
436 1893 560 1960 famulo
575 1904 634 1960 tuo
649 1894 683 1960 in
700 1904 814 1962 monte
834 1894 926 1962 Sinai
942 1895 1132 1982 apparuisti,
1146 1905 1182 1961 et
1201 1894 1286 1960 filios
1302 1894 1405 1959 Israel

122 2020 150 2060 a
305 1999 349 2063 de
371 2006 459 2063 terra
481 1997 633 2083 Aegypti
660 1999 816 2080 eduxisti,
836 2001 1002 2084 deputans
1022 2000 1070 2064 eis
1095 1999 1251 2083 angelum
1272 1997 1405 2085 pietatis

304 2113 392 2180 tuae,
405 2102 460 2186 qui
476 2102 656 2168 custodiret
671 2123 728 2169 eos
743 2103 798 2168 die
809 2124 849 2169 ac
863 2112 970 2182 nocte,
982 2111 1018 2169 te
1028 2123 1237 2187 quaesumus,
1250 2103 1406 2183 Domine,

305 2216 342 2271 ut
365 2205 497 2271 mittere
521 2205 666 2290 digneris
689 2215 840 2273 sanctum
863 2206 1019 2292 angelum
1041 2216 1148 2287 tuum,
1172 2205 1233 2274 ut⁸
1254 2207 1407 2273 similiter

304 2310 469 2377 custodiat
485 2319 520 2375 et
541 2309 603 2375 hos
620 2311 760 2376 famulos
777 2321 864 2392 tuos,
878 2321 913 2377 et
935 2311 1096 2396 perducat
1118 2331 1176 2377 eos
1197 2311 1241 2376 ad
1264 2310 1406 2397 gratiam

304 2413 464 2500 baptismi
479 2415 539 2480 tui.
562 2441 584 2497 γ

350 2518 454 2604 Ergo,
469 2517 645 2584 maledicte
663 2517 805 2596 diabole,
819 2537 1018 2603 recognosce
1035 2517 1234 2584 sententiam
1254 2527 1358 2594 tuam,
1373 2527 1408 2583 et

307 2623 351 2688 da
365 2622 524 2687 honorem
540 2622 615 2688 Deo
629 2621 707 2686 vivo
722 2632 756 2687 et
770 2629 859 2699 vero,
872 2619 929 2686 et‘
945 2623 990 2687 da
1004 2621 1165 2687 honorem
1182 2621 1259 2686 Iesu
1271 2619 1408 2687 Christo

309 2724 398 2790 Filio
417 2726 495 2801 eius,
510 2734 544 2789 et
565 2723 701 2809 Spiritui
721 2734 847 2801 sancto,
861 2734 896 2790 et
915 2726 1031 2790 recede
1049 2724 1093 2790 ab
1110 2724 1162 2789 his
1181 2723 1314 2790 famulis
1334 2725 1408 2790 Dei.

310 2827 401 2912 Quia
414 2828 495 2894 istos
512 2828 574 2894 sibi
591 2828 685 2893 Deus
704 2835 739 2893 et
759 2826 923 2894 Dominus
944 2838 1057 2893 noster
1078 2828 1172 2893 Iesus
1192 2826 1344 2893 Christus
1365 2827 1408 2893 ad

310 2953 405 2998 suam
419 2940 568 2998 sanctam
584 2931 725 3015 gratiam
742 2941 775 2997 et
796 2931 1060 2998 benedictionem
1074 2931 1268 3015 fontemque
1282 2931 1409 3016 baptis·

312 3037 412 3102 matis
443 3033 590 3099 donum⁶
618 3055 736 3100 vocare
772 3035 928 3120 dignatus
957 3043 1016 3100 est
1072 3034 1136 3099 Per
1163 3033 1228 3098 hoc
1257 3033 1410 3118 signum⁸

311 3147 446 3204 sanctae
460 3138 574 3217 crucis,
588 3137 749 3203 frontibus
763 3157 877 3202 eorum
894 3138 1008 3221 quodl
1030 3158 1091 3202 nos
1110 3138 1239 3217 damus,
1253 3145 1291 3201 tu
1307 3137 1410 3203 male·

312 3242 402 3307 dicte
416 3240 551 3307 diabole
565 3260 736 3324 nunquam
751 3239 873 3304 audeas
887 3240 1022 3306 violare.
1043 3266 1064 3323 γ

674 3395 759 3460 Item
781 3404 877 3478 super
889 3395 1050 3480 seminas.

358 3515 451 3581 Deus
466 3516 558 3596 caeli,
568 3516 661 3581 Deus
676 3523 791 3595 terrae,
807 3515 901 3581 Deus
915 3517 1118 3601 angelorum,
1129 3515 1221 3581 Deus
1232 3517 1412 3600 archange-

271 3647 277 3660 ·
313 3619 421 3686 lorum
431 3620 453 3700 ⁸,
465 3619 558 3685 Deus
569 3619 816 3704 prophetarum,
829 3619 920 3685 Deus
933 3628 1115 3702 martyrum
1124 3618 1147 3697 ⁹,
1160 3620 1252 3685 Deus
1263 3622 1412 3685 omnium

312 3725 399 3790 bene
413 3724 606 3804 viventium,
623 3724 716 3790 Deus
735 3716 788 3789 cui
808 3723 917 3789 omnis
930 3723 1044 3809 lingua
1058 3720 1271 3790 confitetur¹⁰
1291 3723 1412 3790 caeles·

313 3829 398 3894 tium
409 3826 446 3907 ¹¹,
458 3828 662 3893 terrestrium
679 3838 713 3893 et
729 3827 937 3905 iniemorum,
952 3828 1119 3893 teinvoco
1131 3827 1285 3904 Domine,
1300 3835 1337 3892 ut
1352 3828 1413 3892 has

312 3929 454 3997 famulas
473 3941 548 3996 tuas
571 3932 751 4015 perducere
770 3940 806 3997 et
828 3931 992 3998 custodire
1007 3931 1152 4014 digneris
1160 3927 1187 3968 ¹²
1207 3931 1250 3996 ad
1271 3932 1413 4015 gratiam

311 4034 470 4121 baptismi
492 4034 552 4101 tui.
583 4060 605 4116 γ

357 4139 448 4223 Ergo
464 4137 639 4205 maledicte
652 4147 812 4222 utsupra.

667 4293 753 4358 Item
774 4303 870 4376 super
891 4293 1057 4359 masculos.
1428 4308 1487 4364 536

132 4437 165 4488 R.
359 4411 452 4477 Audi
477 4411 654 4477 maledicte
676 4410 818 4478 Satanas
838 4413 1008 4478 adiuratus
1018 4411 1046 4452 ¹³
1065 4433 1125 4498 per
1144 4433 1266 4479 nomen
1288 4415 1414 4479 aeterni

132 4500 279 4618 ξὲζξξ·
317 4516 381 4582 Dei
401 4525 435 4582 ot
459 4515 642 4582 Salvatoris
661 4517 764 4581 nostri
786 4514 862 4581 Filii
885 4517 970 4596 Dei;
993 4537 1068 4581 cum
1091 4526 1149 4583 tua
1170 4519 1278 4584 victus
1292 4518 1416 4583 invidia

314 4631 458 4687 tremens
478 4640 681 4706 gemensque
699 4621 844 4687 discede.
887 4621 981 4686 Nihil
1001 4621 1045 4686 sit
1065 4621 1126 4687 tibi
1145 4643 1320 4686 commune
1338 4642 1414 4686 cum

314 4726 417 4790 servis
435 4724 510 4800 Dei,
526 4725 592 4790 iam
613 4724 769 4790 caelestia
789 4726 1021 4808 cogitantibus,
1037 4726 1271 4793 renuntiaturis
1291 4727 1351 4791 tibi
1375 4745 1414 4791 ac
