3352 5828
277 732 302 787 1.
315 734 375 802 m]
593 735 806 793 nonense
826 735 1067 794 accessus.
1331 740 1372 811 75

280 906 392 964 noster
414 898 542 964 diversa
572 898 719 983 utrisque
743 899 855 966 intulit
883 900 1048 984 stipendia
1074 899 1276 976 meritorum,
1302 899 1374 964 ita⁸

280 1001 386 1081 uobis,
405 1001 519 1068 ablato
537 1005 712 1068 vetustatis
734 1023 851 1081 errore,
872 1004 1114 1070 resurrectionis
1135 1023 1215 1068 suae
1233 1003 1375 1086 gratiam

280 1105 448 1189 largiatur.
493 1105 559 1190 Qui
574 1117 685 1172 tecum
700 1107 788 1173 vivit
809 1133 832 1190 γ

323 1227 397 1293 Ista
417 1229 562 1294 oratione
580 1227 705 1311 expleta
727 1228 823 1293 eadm
843 1238 930 1294 retro
950 1229 1057 1294 altare
1077 1239 1111 1295 et
1133 1229 1254 1312 legitur
1274 1227 1374 1294 lectio.

279 1329 406 1396 Deinde
417 1331 562 1414 sequitur
575 1333 820 1413 responsorium.

324 1435 449 1499 lterum
471 1435 554 1502 dicit
571 1434 737 1501 sacerdos:
761 1434 913 1500 Oremus.
956 1436 1010 1500 Et
1025 1437 1203 1503 annuntiat
1222 1435 1376 1500 diaconus

281 1548 438 1623 utsupra,
452 1549 486 1604 et
496 1541 642 1624 sequitur
656 1539 725 1606 alia
738 1541 843 1606 oratio
852 1536 875 1603 l.

325 1660 426 1736 Deus,
441 1661 497 1743 qui
518 1661 643 1745 peccati
663 1660 782 1725 veteris
804 1660 1056 1726 haereditariam
1084 1670 1234 1741 mortem,
1256 1661 1291 1726 in
1309 1681 1375 1746 qua
1399 1673 1432 1726 P.

281 1765 484 1848 posteritatis
513 1786 616 1849 genus
646 1786 746 1830 omne
773 1776 984 1846 successerat,
1009 1765 1130 1831 Christi
1158 1766 1208 1831 tui
1238 1765 1375 1830 Domini
1399 1739 1537 1873 532⁷,ss

283 1869 384 1934 nostri
403 1870 556 1954 passione
578 1868 717 1948 solvisti,
741 1867 851 1935 dona⁸
871 1880 908 1935 ut
928 1871 1111 1936 conformes
1134 1870 1267 1935 eidem⁹
1289 1868 1376 1948 iacti,

279 1972 364 2038 sicut
383 1973 562 2057 imaginem
581 1974 704 2038 terreni
723 1984 860 2039 naturae
880 1975 1074 2040 necessitate
1097 1973 1310 2058 portavimus,
1330 1974 1376 2038 ita

280 2077 458 2160 imaginem
477 2077 629 2143 caelestis
645 2078 772 2162 gratiae
786 2077 1042 2144 sanctificatione
1057 2089 1236 2162 portemus,
1251 2076 1375 2142 Christi

281 2180 416 2246 Domini
431 2183 545 2247 nostri.
590 2181 657 2264 Qui
673 2191 784 2246 tecum
798 2182 880 2270 vivit
888 2180 924 2247 ¹⁰.
945 2208 966 2264 γ

209 2294 268 2353 660
326 2285 425 2350 ·Item
447 2287 596 2369 sequitur
615 2286 705 2350 lectio
725 2295 758 2351 et
776 2285 1018 2368 responsorium.
1061 2284 1144 2350 Inde
1162 2306 1237 2349 vero
1255 2283 1376 2368 legitur

279 2389 398 2455 Passio
425 2390 575 2455 Domini.
622 2390 715 2472 Ipsav
735 2389 865 2473 expleta,
894 2391 1008 2472 incipit
1040 2389 1187 2454 sacerdos
1215 2390 1376 2455 matrones

278 2492 439 2573 solemnes,
454 2514 536 2577 quae
548 2502 733 2576 sequuntur.

326 2613 477 2692 Oremus,
496 2614 699 2680 dilectissimi
723 2613 827 2692 nobis,
842 2614 875 2678 in
895 2614 1007 2697 primis
1027 2636 1088 2699 pro
1107 2615 1242 2680 ecclesia
1260 2626 1375 2681 sancta
1400 2629 1431 2679 R.
1443 2628 1470 2681 s.

283 2716 349 2782 Dei
364 2728 402 2782 ut
417 2739 491 2783 eam
503 2717 527 2756 ¹¹
543 2718 637 2783 Deus
659 2728 693 2783 et
713 2718 875 2782 Dominus
891 2730 1002 2783 noster
1023 2717 1204 2802 pacificare,
1218 2720 1375 2796 adunare,
1400 2694 1537 2826 ssfflge

283 2829 318 2885 et
343 2823 508 2887 custodire
540 2823 695 2906 dignetur
723 2841 783 2905 per
815 2823 999 2887 universum
1029 2823 1143 2886 orbem
1167 2832 1327 2887 terrarum
1340 2819 1376 2901 ¹²,
1400 2825 1520 2890 Menos.

285 2923 450 2990 subiciens
472 2926 502 2990 ei
521 2926 726 3010 principatus
749 2934 783 2990 et
807 2933 997 3009 potestates,
1021 2925 1144 3007 detque
1166 2927 1261 2990 nobis
1286 2935 1375 2990 tran·

282 3027 417 3111 quillam
447 3038 482 3094 et
510 3029 657 3112 quietam
687 3029 788 3094 vitam
818 3029 1016 3112 degentibus
1047 3027 1229 3113 glorificare
1262 3029 1373 3095 Deum

283 3131 414 3196 Patrem
430 3132 704 3216 omnipotentem.
749 3132 899 3198 Oramus·
920 3159 942 3215 γ

323 3234 514 3300 Annuntiat
540 3234 712 3300 diaconus:
744 3235 932 3302 Flectamus
962 3256 1080 3320 genua.
1123 3236 1250 3300 Iterum
1272 3236 1373 3302 dicit:

282 3337 453 3402 Levate¹⁸.

324 3457 543 3540 Omnipotens
569 3459 767 3543 sempiterne
791 3459 892 3533 Deus,
909 3460 966 3542 qui
990 3459 1129 3543 gloriam
1153 3469 1246 3524 tuam
1255 3456 1279 3497 ¹⁴
1300 3480 1372 3524 om·
1397 3478 1466 3531 ns,

279 3560 374 3626 nibus
397 3562 429 3624 in
453 3561 585 3627 Christo
608 3562 763 3646 gentibus
789 3562 948 3641 revelasti,
968 3563 1098 3627 custodi
1124 3584 1226 3646 opera
1250 3563 1372 3627 miseri-
1398 3544 1536 3674 ,9ξὲξῇ

279 3664 410 3728 cordiae
425 3675 512 3745 tuae,
528 3676 565 3730 ut
583 3665 720 3731 ecclesia
735 3664 827 3730 tua¹⁶
850 3676 924 3729 toto
943 3666 1024 3730 orbe
1041 3666 1160 3731 diffusa
1175 3665 1285 3732 stabili
1305 3664 1372 3730 fide
1397 3673 1465 3727 Μαι.
1476 3675 1516 3738 te-

280 3767 313 3830 in
328 3769 531 3834 consessione
541 3769 569 3809 ¹⁶
583 3771 633 3834 tui
648 3770 791 3834 nominis
805 3779 999 3853 perseveret
1046 3769 1116 3834 Per.
1135 3796 1156 3852 γ

323 3886 464 3955 Oremus
494 3899 527 3955 et
556 3911 617 3974 pro
645 3890 840 3956 beatissimo
869 3911 957 3975 papa
988 3901 1101 3956 nostro
1110 3888 1138 3929 ¹⁷
1167 3890 1222 3955 [ll.
1248 3901 1282 3956 et
1311 3912 1373 3976 pro
1397 3904 1466 3957 Rs.

279 3993 427 4057 antistite
443 4005 556 4059 nostro
570 3994 625 4059 Ill.
637 3993 663 4033 ¹⁸
678 4002 716 4058 ut
734 3996 829 4060 Deus
851 3996 1061 4079 omnipotens
1083 3994 1139 4078 qui
1157 3995 1257 4079 elegit
1278 4017 1336 4061 eos
1345 3994 1371 4034 ¹⁹
1397 3970 1537 4102 ffiffi

280 4094 313 4159 in
333 4096 448 4162 ordine
456 4094 485 4135 ²⁰
504 4098 715 4181 episcopatus
737 4098 847 4164 salvos
859 4098 885 4137 ¹⁹
908 4109 942 4164 et
964 4099 1145 4164 incolumes
1157 4096 1184 4136 ¹⁹
1207 4099 1373 4165 custodiat
1398 4103 1517 4168 3¹2⁶&

280 4198 437 4265 ecclesiae
465 4222 544 4268 suae
573 4213 709 4267 sanctae
738 4203 781 4267 ad
819 4204 999 4288 regendum
1033 4201 1192 4289 populum
1219 4212 1372 4268 sanctum

280 4303 397 4388 Deiy
439 4303 625 4372 Oremus²¹.

322 4408 408 4473 Item
425 4412 602 4475 annuntiat
613 4411 768 4477 diaconus
782 4422 941 4496 utsupra.

324 4530 545 4615 Omnipotens
582 4534 782 4619 sempiterne
816 4533 918 4610 Deus,
952 4534 1043 4599 cuius
1080 4543 1215 4600 aeterno
1251 4533 1372 4600 iudicio
1397 4546 1465 4598 las,

278 4634 430 4699 universa
449 4634 637 4714 fundantur,
660 4638 785 4720 respice
805 4638 968 4722 propitius
986 4638 1030 4703 ad
1054 4657 1166 4721 preces
1189 4646 1318 4703 nostras
1337 4647 1371 4702 et
1395 4611 1535 4745 12⁰3·ss

278 4737 439 4804 eleet0s²²
468 4760 489 4806 a
520 4751 554 4805 te
588 4741 680 4806 nobis
709 4742 874 4808 antistites
903 4753 961 4807 tua
990 4743 1113 4826 pietate
1141 4761 1305 4820 conserva,
1334 4751 1371 4806 ut
1396 4743 1517 4807 Mensa

279 4842 466 4910 Christiana
488 4844 582 4928 plebs
606 4866 691 4928 quae
716 4846 839 4912 talibus
865 4847 1067 4930 gubernatur
1093 4846 1282 4912 auctoribus
1308 4847 1370 4910 sub

276 4957 391 5012 tantos
435 4949 607 5033 pontifices
616 4946 643 4989 ²³
679 4949 884 5017 credulitatis
922 4971 1000 5016 suae
1041 4951 1164 5016 meritis
1200 4960 1368 5036 augeatur.

278 5051 346 5116 Per.
367 5077 387 5132 γ
