3352 5828
315 401 379 472 302
597 393 729 451 arsen
745 392 1133 452 sacramenrorum
1189 394 1415 463 [mmmm.

800 609 928 667 xum.

587 740 685 806 Iri-:u
708 753 798 806 num
821 753 893 807 uno
916 751 1141 806 sncnnoora.

135 886 167 937 k
358 876 505 955 Praesta,
527 897 738 961 quaesumus,
753 878 906 958 Domine,
921 886 958 943 ut
979 877 1223 965 animafsamuli
1244 877 1294 944 tui
1315 875 1416 943 Illius

135 951 279 1081 {23³3
316 981 473 1066 episcopi,
497 1001 596 1066 quarn
620 981 655 1047 in
680 981 744 1048 hoc
771 981 902 1047 saeculo
927 991 1189 1047 commorantem
1213 981 1315 1046 sacris
1340 1002 1413 1045 mu·

134 1084 284 1147 leon-454·
316 1084 451 1150 neribus
474 1084 647 1163 decorasti,
671 1083 826 1151 ¹caelesti
851 1085 930 1151 sede
954 1084 1098 1171 gloriosa
1120 1104 1252 1170 semper
1273 1083 1414 1152 exultet.

317 1187 381 1254 Per
397 1188 581 1255 Dominum
596 1197 754 1255 nostrum.
774 1215 796 1272 γ

135 1317 169 1369 P.
363 1310 465 1388 Deus,
483 1309 576 1376 cuius
598 1309 839 1375 misericordiae
860 1329 927 1374 non
948 1318 1000 1375 est
1020 1328 1183 1386 numerus,
1201 1306 1416 1392 suscipe'pro

136 1382 212 1436 ω
226 1391 283 1447 ³¹⁷·
318 1412 430 1478 anima
458 1411 572 1478 famuli
601 1414 650 1479 tui
672 1413 771 1480 Illius
799 1412 944 1497 episcopi
967 1432 1080 1497 preces
1106 1419 1247 1490 nostras,
1272 1421 1307 1477 et
1331 1411 1416 1478 lucis

320 1517 351 1582 ei
375 1516 588 1601 laetitiaeque
610 1517 645 1581 in
668 1517 802 1600 regione
824 1525 1013 1582 sanctorum
1039 1522 1171 1580 tuorum
1197 1512 1416 1582 societatem²

319 1621 475 1687 concede.
520 1618 591 1686 Per.

795 1715 940 1772 secrete

138 1841 171 1894 It
362 1826 511 1912 Suscipe,
535 1828 689 1906 Domine,
705 1847 914 1912 quaesumus,
935 1826 1060 1893 hostias
1082 1847 1144 1912 pro
1166 1827 1279 1893 anima
1299 1826 1417 1891 famuli

138 1907 283 2036 ἓξὲξ
318 1932 367 1999 tui
392 1931 492 1997 Illius
514 1933 683 2017 episcopi:
715 1940 753 1996 ut
776 1930 828 1997 cui
854 1929 1043 2016 pontificale
1072 1932 1205 1998 donasti
1235 1930 1417 1997 meritum⁸

138 2039 286 2103 leon-454·
318 2037 423 2102 dones
440 2045 475 2102 et
489 2037 674 2120 praemium
686 2034 710 2101 ³.
755 2034 825 2101 Per.

138 2105 188 2158 :dt
197 2111 283 2171 supra.

727 2196 822 2256 Intra
835 2196 1013 2255 annonem.

139 2324 172 2377 It
362 2310 460 2377 Hanc
491 2312 590 2396 igitur
621 2312 827 2378 oblationem
857 2310 1022 2377 servitutis
1051 2319 1193 2389 nostrae,
1223 2330 1324 2394 quam
1353 2311 1417 2377 tibi

140 2389 216 2442 ω’·
228 2398 282 2454 ³¹⁷·
317 2413 486 2481 offerimus
500 2437 561 2500 pro
576 2413 708 2482 anima⁴
724 2415 838 2482 famuli
855 2416 903 2480 tui
919 2413 1019 2481 Illius
1036 2413 1190 2497 episcopi,
1205 2433 1416 2497 quaesumus,

319 2519 475 2609 Domine,
497 2519 647 2604 placatus
667 2518 818 2603 accipias,
835 2528 869 2583 et
889 2538 965 2583 cum
987 2516 1193 2601 praesulibus
1214 2516 1418 2603 apostolicae

318 2624 501 2708 dignitatis,
514 2643 655 2708 quomm
671 2632 722 2689 est
736 2631 868 2688 secutus
881 2621 1035 2701 officium,
1048 2622 1172 2687 habere
1186 2622 1315 2689 tribuas
1329 2642 1416 2688 sem-

319 2727 469 2812 piternae
482 2726 695 2793 beatitudinis
709 2726 893 2811 portionem
907 2749 915 2791 :
936 2726 1073 2810 diesque
1087 2733 1228 2791 nostros.

750 2889 999 2946 Postoommun.

143 3015 174 3066 R
258 3034 266 3048 =
368 3002 511 3079 Praesta,
523 3021 733 3086 quaesumus,
741 3002 953 3085 omnipotens
965 3001 1067 3076 Deus,
1077 3009 1114 3066 ut
1124 2998 1294 3065 animam⁶
1304 2999 1419 3065 famuli

144 3081 290 3196 ἓξὲξ·
323 3105 372 3170 tui
387 3104 487 3170 Illius
504 3104 647 3188 episcopi
663 3105 696 3169 in
711 3105 964 3189 congregatione
972 3104 1132 3168 iustorum
1144 3113 1298 3198 aeternae
1313 3102 1419 3168 beati·

323 3208 448 3274 tudinis
463 3209 577 3273 iubeas
592 3227 664 3272 esse
679 3217 876 3273 consortem.
922 3208 983 3271 Per
999 3207 1183 3272 Dominum
1197 3214 1357 3273 nostrum.

355 3357 882 3420 ²R.1eon.insertin;V.Men.nstext.
946 3357 1142 3419 'rodetateV.;
1158 3359 1298 3409 Rastext.
1361 3357 1372 3387 ¹
1388 3358 1421 3411 V.

323 3426 375 3476 and
385 3426 417 3476 R.
428 3441 501 3490 agree
510 3425 537 3475 in
551 3425 709 3491 namposing
724 3425 843 3476 menium
858 3425 909 3475 and
916 3425 1076 3490 praemium:
1091 3425 1136 3476 but
1147 3424 1214 3474 Men.
1225 3423 1304 3476 leon.
1315 3423 1364 3474 eud
1378 3424 1421 3474 the

325 3491 421 3542 similar
430 3497 519 3542 recreta
530 3491 556 3541 in
566 3489 609 3541 the
619 3492 702 3542 Missa
712 3491 882 3556 immediately
891 3491 1023 3556 preceding
1037 3505 1102 3540 seem
1119 3496 1147 3540 to
1160 3489 1248 3554 jmtiiy
1260 3489 1304 3540 the
1319 3488 1422 3554 reading

201 3582 207 3592 ·
325 3557 355 3606 oi
362 3556 405 3608 the
416 3564 477 3607 text.
565 3553 575 3584 ⁴
591 3555 621 3604 P.
634 3556 709 3606 omits
714 3563 763 3621 pro
773 3556 869 3605 anima.
963 3556 974 3586 ⁸
989 3555 1078 3605 anima
1088 3555 1121 3606 V.
1132 3555 1165 3605 R.
1177 3554 1422 3620 (ungrammaticnlly

323 3622 363 3672 ior
373 3622 488 3672 animam
499 3620 581 3672 which
591 3621 613 3671 is
623 3621 666 3671 the
676 3621 779 3687 reading
789 3622 819 3672 os
827 3618 915 3686 Men).

816 3808 937 3866 xotv.

457 3942 554 4006 Iram
576 3954 667 4006 nun
691 3951 762 4004 ruo
784 3951 1003 4005 sncnnooru
1024 3950 1105 4004 srvs
1127 3951 1283 4004 nnnnrn.

143 4091 175 4141 R.
370 4079 545 4163 Deus,'qui
556 4079 716 4144 famulum
725 4088 818 4143 tuum
828 4077 930 4142 Illum
940 4076 1144 4143 sacerdotem
1156 4087 1257 4161 atque
1265 4076 1423 4142 abbatem

146 4157 220 4208 Μ’·
233 4154 288 4218 ³¹⁸·
326 4193 361 4249 et
375 4181 611 4249 sanctificasti¹
627 4183 818 4248 unctionem
840 4180 1083 4246 misericordiae
1097 4189 1174 4245 tuae
1183 4178 1207 4259 ²,
1222 4189 1256 4245 et
1270 4200 1422 4266 assump-

324 4288 397 4353 sisti
413 4287 699 4352 consummatione
717 4285 814 4365 seiici,
829 4285 960 4369 suscipe
976 4285 1137 4368 propitius
1154 4304 1268 4366 preces
1285 4294 1423 4364 nostras,

324 4402 360 4459 et
381 4401 513 4475 praesta
528 4400 565 4456 ut
580 4393 665 4455 sicut
689 4388 770 4455 ille⁸
789 4397 900 4453 tecum
921 4397 971 4453 est
989 4388 1123 4466 meritis,
1138 4387 1185 4453 ita
1202 4409 1224 4453 a
1242 4389 1338 4453 nobis
1356 4407 1424 4452 non

325 4495 459 4560 recedat
474 4494 646 4578 exemplis.
692 4494 754 4558 Per
769 4493 962 4559 Dominum.

149 4634 298 4704 [Gensis
371 4615 593 4700 Omnipotens
604 4614 804 4699 sempiterne
819 4614 923 4693 Deus,
934 4613 1142 4678 maiestatem
1154 4620 1249 4677 tuam
1258 4609 1423 4698 supplices

149 4702 187 4766 ”·]
328 4739 514 4798 exoramus,
526 4729 563 4786 ut
577 4719 702 4785 famulo
717 4727 778 4784 tuo
792 4716 852 4785 Illi
863 4718 977 4785 abbati
993 4727 1092 4801 atque
1107 4717 1272 4782 sacerdoti
1285 4715 1308 4793 ⁴,
1323 4734 1422 4799 quem

1348 664 1352 679 ⁸
1430 591 1496 650 rsa
