<?xml version="1.0" encoding="UTF-8"?>
<!DOCTYPE html PUBLIC "-//W3C//DTD XHTML 1.0 Transitional//EN"
    "http://www.w3.org/TR/xhtml1/DTD/xhtml1-transitional.dtd">
<html xmlns="http://www.w3.org/1999/xhtml" xml:lang="en" lang="en">
 <head>
  <title>
</title>
<meta http-equiv="Content-Type" content="text/html;charset=utf-8" />
  <meta name='ocr-system' content='tesseract 3.04.00' />
  <meta name='ocr-capabilities' content='ocr_page ocr_carea ocr_par ocr_line ocrx_word'/>
</head>
<body>
  <div class='ocr_page' id='page_1' title='image "./gelasiansacrame00wilsgoog_0159.png"; bbox 0 0 3352 5828; ppageno 0'>
   <div class='ocr_carea' id='block_1_1' title="bbox 300 379 1396 456">
    <p class='ocr_par' dir='ltr' id='par_1_1' title="bbox 300 379 1396 456">
     <span class='ocr_line' id='line_1_1' title="bbox 300 379 1396 456; baseline -0.005 -13"><span class='ocrx_word' id='word_1_1' title='bbox 300 379 343 443; x_wconf 90' lang='lat'>66</span> <span class='ocrx_word' id='word_1_2' title='bbox 585 389 713 446; x_wconf 85' lang='lat' dir='ltr'><em>LIBER</em></span> <span class='ocrx_word' id='word_1_3' title='bbox 732 388 1118 448; x_wconf 82' lang='lat' dir='ltr'><em>SACRAMENTORUM</em></span> <span class='ocrx_word' id='word_1_4' title='bbox 1258 389 1396 456; x_wconf 81' lang='lat' dir='ltr'>[lxxxix.</span> 
     </span>
    </p>
   </div>
   <div class='ocr_carea' id='block_1_2' title="bbox 300 551 1398 743">
    <p class='ocr_par' dir='ltr' id='par_1_2' title="bbox 300 551 1398 743">
     <span class='ocr_line' id='line_1_2' title="bbox 300 551 1398 637; baseline 0.004 -21"><span class='ocrx_word' id='word_1_5' title='bbox 300 559 335 617; x_wconf 89' lang='lat' dir='ltr'>et</span> <span class='ocrx_word' id='word_1_6' title='bbox 367 551 539 619; x_wconf 89' lang='lat' dir='ltr'>vulnerato</span> <span class='ocrx_word' id='word_1_7' title='bbox 575 553 737 619; x_wconf 84' lang='lat' dir='ltr'>auxilium</span> <span class='ocrx_word' id='word_1_8' title='bbox 773 552 925 620; x_wconf 89' lang='lat' dir='ltr'>sanitatis</span> <span class='ocrx_word' id='word_1_9' title='bbox 962 552 1143 637; x_wconf 82' lang='lat' dir='ltr'><strong>indulgeas.</strong></span> <span class='ocrx_word' id='word_1_10' title='bbox 1201 553 1273 620; x_wconf 91' lang='lat' dir='ltr'>Nec</span> <span class='ocrx_word' id='word_1_11' title='bbox 1309 554 1398 621; x_wconf 90' lang='lat' dir='ltr'>ultra</span> 
     </span>
     <span class='ocr_line' id='line_1_3' title="bbox 300 654 1395 743; baseline 0.006 -25"><span class='ocrx_word' id='word_1_12' title='bbox 300 654 452 723; x_wconf 88' lang='lat' dir='ltr'>inimicus</span> <span class='ocrx_word' id='word_1_13' title='bbox 473 656 507 722; x_wconf 90' lang='lat' dir='ltr'>in</span> <span class='ocrx_word' id='word_1_14' title='bbox 530 656 599 722; x_wconf 90' lang='lat' dir='ltr'>eius</span> <span class='ocrx_word' id='word_1_15' title='bbox 620 656 743 722; x_wconf 89' lang='lat' dir='ltr'>habeat</span> <span class='ocrx_word' id='word_1_16' title='bbox 764 658 875 723; x_wconf 89' lang='lat' dir='ltr'>anima</span> <span class='ocrx_word' id='word_1_17' title='bbox 897 667 1107 743; x_wconf 79' lang='lat' dir='ltr'>potestatem,</span> <span class='ocrx_word' id='word_1_18' title='bbox 1124 655 1297 742; x_wconf 77' lang='lat' dir='ltr'>eiusque⁸⁸</span> <span class='ocrx_word' id='word_1_19' title='bbox 1319 679 1395 725; x_wconf 92' lang='lat' dir='ltr'>con-</span> 
     </span>
    </p>
   </div>
   <div class='ocr_carea' id='block_1_3' title="bbox 298 760 1395 1158">
    <p class='ocr_par' dir='ltr' id='par_1_3' title="bbox 298 760 1395 1158">
     <span class='ocr_line' id='line_1_4' title="bbox 299 760 1395 848; baseline 0.004 -22"><span class='ocrx_word' id='word_1_20' title='bbox 299 760 475 828; x_wconf 85' lang='lat' dir='ltr'>sessionem</span> <span class='ocrx_word' id='word_1_21' title='bbox 504 763 644 829; x_wconf 87' lang='lat' dir='ltr'>libenter</span> <span class='ocrx_word' id='word_1_22' title='bbox 673 764 864 841; x_wconf 89' lang='lat' dir='ltr'>admittens,</span> <span class='ocrx_word' id='word_1_23' title='bbox 892 762 1049 830; x_wconf 84' lang='lat' dir='ltr'>ecclesiae</span> <span class='ocrx_word' id='word_1_24' title='bbox 1077 772 1157 829; x_wconf 89' lang='lat' dir='ltr'>tuae</span> <span class='ocrx_word' id='word_1_25' title='bbox 1184 762 1395 848; x_wconf 88' lang='lat' dir='ltr'>purificatum</span> 
     </span>
     <span class='ocr_line' id='line_1_5' title="bbox 299 867 1395 952; baseline 0.003 -23"><span class='ocrx_word' id='word_1_26' title='bbox 299 867 444 942; x_wconf 89' lang='lat' dir='ltr'>restitue,</span> <span class='ocrx_word' id='word_1_27' title='bbox 471 887 510 932; x_wconf 87' lang='lat' dir='ltr'>ac</span> <span class='ocrx_word' id='word_1_28' title='bbox 538 876 598 932; x_wconf 94' lang='lat' dir='ltr'>tuo</span> <span class='ocrx_word' id='word_1_29' title='bbox 626 867 745 933; x_wconf 87' lang='lat' dir='ltr'>altario</span> <span class='ocrx_word' id='word_1_30' title='bbox 774 878 991 952; x_wconf 88' lang='lat' dir='ltr'>repraesenta,</span> <span class='ocrx_word' id='word_1_31' title='bbox 1018 875 1054 931; x_wconf 92' lang='lat' dir='ltr'>ut</span> <span class='ocrx_word' id='word_1_32' title='bbox 1080 868 1123 931; x_wconf 90' lang='lat' dir='ltr'>ad</span> <span class='ocrx_word' id='word_1_33' title='bbox 1150 878 1395 934; x_wconf 89' lang='lat' dir='ltr'>sacramentum</span> 
     </span>
     <span class='ocr_line' id='line_1_6' title="bbox 299 969 1395 1037; baseline 0.005 -5"><span class='ocrx_word' id='word_1_34' title='bbox 299 969 575 1037; x_wconf 76' lang='lat' dir='ltr'>reconciliationis</span> <span class='ocrx_word' id='word_1_35' title='bbox 592 970 756 1037; x_wconf 89' lang='lat' dir='ltr'>admissus</span> <span class='ocrx_word' id='word_1_36' title='bbox 777 991 844 1036; x_wconf 90' lang='lat' dir='ltr'>una</span> <span class='ocrx_word' id='word_1_37' title='bbox 865 970 1034 1036; x_wconf 89' lang='lat' dir='ltr'>nobiscum</span> <span class='ocrx_word' id='word_1_38' title='bbox 1057 979 1170 1035; x_wconf 85' lang='lat' dir='ltr'>sancto</span> <span class='ocrx_word' id='word_1_39' title='bbox 1191 971 1317 1035; x_wconf 92' lang='lat' dir='ltr'>nomini</span> <span class='ocrx_word' id='word_1_40' title='bbox 1335 981 1395 1037; x_wconf 93' lang='lat' dir='ltr'>tuo</span> 
     </span>
     <span class='ocr_line' id='line_1_7' title="bbox 298 1073 836 1158; baseline -0.004 -20"><span class='ocrx_word' id='word_1_41' title='bbox 298 1073 422 1158; x_wconf 76' lang='lat' dir='ltr'>gratias</span> <span class='ocrx_word' id='word_1_42' title='bbox 436 1093 534 1158; x_wconf 89' lang='lat' dir='ltr'>agere</span> <span class='ocrx_word' id='word_1_43' title='bbox 548 1081 720 1140; x_wconf 89' lang='lat' dir='ltr'>mereatur.</span> <span class='ocrx_word' id='word_1_44' title='bbox 765 1074 836 1138; x_wconf 89' lang='lat' dir='ltr'>Per.</span> 
     </span>
    </p>
   </div>
   <div class='ocr_carea' id='block_1_4' title="bbox 408 1228 1465 1296">
    <p class='ocr_par' dir='ltr' id='par_1_4' title="bbox 408 1228 1465 1296">
     <span class='ocr_line' id='line_1_8' title="bbox 408 1228 1465 1296; baseline 0.004 -4"><span class='ocrx_word' id='word_1_45' title='bbox 408 1228 709 1295; x_wconf 77' lang='lat' dir='ltr'>Racoucmmrro</span> <span class='ocrx_word' id='word_1_46' title='bbox 731 1240 979 1294; x_wconf 69' lang='lat' dir='ltr'>sommum</span> <span class='ocrx_word' id='word_1_47' title='bbox 1001 1241 1054 1292; x_wconf 79' lang='lat' dir='ltr'>An</span> <span class='ocrx_word' id='word_1_48' title='bbox 1077 1241 1234 1293; x_wconf 76' lang='lat' dir='ltr'>nostran</span> <span class='ocrx_word' id='word_1_49' title='bbox 1248 1228 1284 1294; x_wconf 79' lang='lat'>⁸⁹.</span> <span class='ocrx_word' id='word_1_50' title='bbox 1406 1240 1465 1296; x_wconf 81' lang='lat'>552</span> 
     </span>
    </p>
   </div>
   <div class='ocr_carea' id='block_1_5' title="bbox 295 1340 1394 2565">
    <p class='ocr_par' dir='ltr' id='par_1_5' title="bbox 295 1340 1394 2565">
     <span class='ocr_line' id='line_1_9' title="bbox 344 1340 1392 1424; baseline 0.002 -18"><span class='ocrx_word' id='word_1_51' title='bbox 344 1341 437 1406; x_wconf 91' lang='lat' dir='ltr'>Deus</span> <span class='ocrx_word' id='word_1_52' title='bbox 460 1342 650 1421; x_wconf 85' lang='lat' dir='ltr'>misericors,</span> <span class='ocrx_word' id='word_1_53' title='bbox 672 1341 764 1407; x_wconf 89' lang='lat' dir='ltr'>Deus</span> <span class='ocrx_word' id='word_1_54' title='bbox 785 1341 938 1419; x_wconf 87' lang='lat' dir='ltr'>clemens,</span> <span class='ocrx_word' id='word_1_55' title='bbox 961 1340 1018 1424; x_wconf 91' lang='lat' dir='ltr'>qui</span> <span class='ocrx_word' id='word_1_56' title='bbox 1039 1341 1220 1406; x_wconf 90' lang='lat' dir='ltr'>secundum</span> <span class='ocrx_word' id='word_1_57' title='bbox 1242 1341 1392 1408; x_wconf 89' lang='lat' dir='ltr'>multitu·</span> 
     </span>
     <span class='ocr_line' id='line_1_10' title="bbox 298 1443 1391 1531; baseline 0.002 -22"><span class='ocrx_word' id='word_1_58' title='bbox 298 1444 412 1510; x_wconf 89' lang='lat' dir='ltr'>dinem</span> <span class='ocrx_word' id='word_1_59' title='bbox 447 1446 695 1512; x_wconf 84' lang='lat' dir='ltr'>miserationum</span> <span class='ocrx_word' id='word_1_60' title='bbox 708 1443 738 1486; x_wconf 89' lang='lat'>⁴⁰</span> <span class='ocrx_word' id='word_1_61' title='bbox 773 1457 905 1511; x_wconf 87' lang='lat' dir='ltr'>tuarum</span> <span class='ocrx_word' id='word_1_62' title='bbox 942 1455 1080 1531; x_wconf 89' lang='lat' dir='ltr'>peccata</span> <span class='ocrx_word' id='word_1_63' title='bbox 1111 1446 1351 1528; x_wconf 87' lang='lat' dir='ltr'>poenitentium</span> <span class='ocrx_word' id='word_1_64' title='bbox 1363 1444 1391 1485; x_wconf 90' lang='lat'>⁴¹</span> 
     </span>
     <span class='ocr_line' id='line_1_11' title="bbox 297 1549 1394 1635; baseline 0.003 -22"><span class='ocrx_word' id='word_1_65' title='bbox 297 1549 398 1628; x_wconf 82' lang='lat' dir='ltr'>deles,</span> <span class='ocrx_word' id='word_1_66' title='bbox 415 1558 451 1616; x_wconf 91' lang='lat' dir='ltr'>et</span> <span class='ocrx_word' id='word_1_67' title='bbox 471 1550 724 1635; x_wconf 88' lang='lat' dir='ltr'>praeteritomm</span> <span class='ocrx_word' id='word_1_68' title='bbox 746 1550 920 1616; x_wconf 90' lang='lat' dir='ltr'>criminum</span> <span class='ocrx_word' id='word_1_69' title='bbox 941 1549 1056 1635; x_wconf 84' lang='lat' dir='ltr'>culpas</span> <span class='ocrx_word' id='word_1_70' title='bbox 1076 1549 1172 1614; x_wconf 85' lang='lat' dir='ltr'>venia</span> <span class='ocrx_word' id='word_1_71' title='bbox 1193 1550 1394 1617; x_wconf 86' lang='lat' dir='ltr'>remissionis</span> 
     </span>
     <span class='ocr_line' id='line_1_12' title="bbox 297 1651 1391 1739; baseline 0.002 -22"><span class='ocrx_word' id='word_1_72' title='bbox 297 1671 447 1734; x_wconf 89' lang='lat' dir='ltr'>evacuas,</span> <span class='ocrx_word' id='word_1_73' title='bbox 461 1654 587 1739; x_wconf 87' lang='lat' dir='ltr'>respice</span> <span class='ocrx_word' id='word_1_74' title='bbox 601 1673 699 1737; x_wconf 93' lang='lat' dir='ltr'>super</span> <span class='ocrx_word' id='word_1_75' title='bbox 720 1652 808 1719; x_wconf 92' lang='lat' dir='ltr'>hunc</span> <span class='ocrx_word' id='word_1_76' title='bbox 828 1651 988 1717; x_wconf 84' lang='lat' dir='ltr'>famulum</span> <span class='ocrx_word' id='word_1_77' title='bbox 1007 1660 1102 1718; x_wconf 89' lang='lat' dir='ltr'>tuum</span> <span class='ocrx_word' id='word_1_78' title='bbox 1118 1662 1152 1718; x_wconf 92' lang='lat' dir='ltr'>et</span> <span class='ocrx_word' id='word_1_79' title='bbox 1165 1654 1391 1719; x_wconf 88' lang='lat' dir='ltr'>remissionem</span> 
     </span>
     <span class='ocr_line' id='line_1_13' title="bbox 296 1753 1391 1842; baseline 0.003 -22"><span class='ocrx_word' id='word_1_80' title='bbox 296 1754 360 1821; x_wconf 87' lang='lat' dir='ltr'>sibi</span> <span class='ocrx_word' id='word_1_81' title='bbox 374 1757 524 1822; x_wconf 91' lang='lat' dir='ltr'>omnium</span> <span class='ocrx_word' id='word_1_82' title='bbox 540 1764 749 1842; x_wconf 90' lang='lat' dir='ltr'>peccatorum</span> <span class='ocrx_word' id='word_1_83' title='bbox 763 1765 837 1823; x_wconf 89' lang='lat' dir='ltr'>tota</span> <span class='ocrx_word' id='word_1_84' title='bbox 857 1757 964 1821; x_wconf 91' lang='lat' dir='ltr'>cordis</span> <span class='ocrx_word' id='word_1_85' title='bbox 979 1753 1184 1821; x_wconf 83' lang='lat' dir='ltr'>consessione</span> <span class='ocrx_word' id='word_1_86' title='bbox 1198 1765 1391 1840; x_wconf 90' lang='lat' dir='ltr'>poscentem</span> 
     </span>
     <span class='ocr_line' id='line_1_14' title="bbox 296 1859 1391 1945; baseline 0.002 -20"><span class='ocrx_word' id='word_1_87' title='bbox 296 1860 491 1945; x_wconf 82' lang='lat' dir='ltr'>deprecatus</span> <span class='ocrx_word' id='word_1_88' title='bbox 506 1861 637 1926; x_wconf 83' lang='lat' dir='ltr'>exaudi.</span> <span class='ocrx_word' id='word_1_89' title='bbox 682 1860 821 1926; x_wconf 79' lang='lat' dir='ltr'>Renoua</span> <span class='ocrx_word' id='word_1_90' title='bbox 839 1861 874 1924; x_wconf 91' lang='lat' dir='ltr'>in</span> <span class='ocrx_word' id='word_1_91' title='bbox 888 1881 939 1940; x_wconf 89' lang='lat' dir='ltr'>eo,</span> <span class='ocrx_word' id='word_1_92' title='bbox 954 1859 1101 1945; x_wconf 87' lang='lat' dir='ltr'>piissime</span> <span class='ocrx_word' id='word_1_93' title='bbox 1115 1860 1221 1940; x_wconf 90' lang='lat' dir='ltr'>Pater,</span> <span class='ocrx_word' id='word_1_94' title='bbox 1235 1859 1391 1945; x_wconf 89' lang='lat' dir='ltr'>quicquid</span> 
     </span>
     <span class='ocr_line' id='line_1_15' title="bbox 296 1962 1392 2050; baseline 0.003 -21"><span class='ocrx_word' id='word_1_95' title='bbox 296 1973 425 2030; x_wconf 90' lang='lat' dir='ltr'>terrena</span> <span class='ocrx_word' id='word_1_96' title='bbox 454 1962 634 2049; x_wconf 79' lang='lat' dir='ltr'>fragilitate</span> <span class='ocrx_word' id='word_1_97' title='bbox 663 1972 857 2050; x_wconf 88' lang='lat' dir='ltr'>corruptum</span> <span class='ocrx_word' id='word_1_98' title='bbox 887 1973 939 2030; x_wconf 90' lang='lat' dir='ltr'>est</span> <span class='ocrx_word' id='word_1_99' title='bbox 960 1963 1014 2029; x_wconf 90' lang='lat' dir='ltr'>vel</span> <span class='ocrx_word' id='word_1_100' title='bbox 1041 1962 1198 2048; x_wconf 91' lang='lat' dir='ltr'>quicquid</span> <span class='ocrx_word' id='word_1_101' title='bbox 1227 1963 1392 2032; x_wconf 91' lang='lat' dir='ltr'>diabolica</span> 
     </span>
     <span class='ocr_line' id='line_1_16' title="bbox 296 2065 1391 2153; baseline 0.005 -21"><span class='ocrx_word' id='word_1_102' title='bbox 296 2066 411 2134; x_wconf 83' lang='lat' dir='ltr'>fraude</span> <span class='ocrx_word' id='word_1_103' title='bbox 424 2068 585 2134; x_wconf 89' lang='lat' dir='ltr'>violatum</span> <span class='ocrx_word' id='word_1_104' title='bbox 600 2078 673 2147; x_wconf 84' lang='lat' dir='ltr'>est3</span> <span class='ocrx_word' id='word_1_105' title='bbox 695 2067 730 2133; x_wconf 90' lang='lat' dir='ltr'>in</span> <span class='ocrx_word' id='word_1_106' title='bbox 751 2068 913 2134; x_wconf 90' lang='lat' dir='ltr'>unitatem</span> <span class='ocrx_word' id='word_1_107' title='bbox 923 2065 952 2107; x_wconf 80' lang='lat'>⁴⁸</span> <span class='ocrx_word' id='word_1_108' title='bbox 972 2068 1120 2153; x_wconf 87' lang='lat' dir='ltr'>corporis</span> <span class='ocrx_word' id='word_1_109' title='bbox 1141 2068 1297 2136; x_wconf 91' lang='lat' dir='ltr'>ecclesiae</span> <span class='ocrx_word' id='word_1_110' title='bbox 1314 2079 1391 2136; x_wconf 88' lang='lat' dir='ltr'>tuae</span> 
     </span>
     <span class='ocr_line' id='line_1_17' title="bbox 296 2170 1392 2256; baseline 0.001 -18"><span class='ocrx_word' id='word_1_111' title='bbox 296 2174 482 2238; x_wconf 87' lang='lat' dir='ltr'>membrum</span> <span class='ocrx_word' id='word_1_112' title='bbox 505 2172 649 2256; x_wconf 85' lang='lat' dir='ltr'>perlecta</span> <span class='ocrx_word' id='word_1_113' title='bbox 671 2170 865 2238; x_wconf 88' lang='lat' dir='ltr'>remissione</span> <span class='ocrx_word' id='word_1_114' title='bbox 888 2173 1044 2253; x_wconf 88' lang='lat' dir='ltr'>restitue;</span> <span class='ocrx_word' id='word_1_115' title='bbox 1067 2172 1222 2238; x_wconf 87' lang='lat' dir='ltr'>miserere</span> <span class='ocrx_word' id='word_1_116' title='bbox 1244 2174 1392 2240; x_wconf 88' lang='lat' dir='ltr'>Domine</span> 
     </span>
     <span class='ocr_line' id='line_1_18' title="bbox 295 2274 1390 2360; baseline 0.001 -18"><span class='ocrx_word' id='word_1_117' title='bbox 295 2276 490 2360; x_wconf 87' lang='lat' dir='ltr'>gemituum,</span> <span class='ocrx_word' id='word_1_118' title='bbox 502 2276 655 2340; x_wconf 88' lang='lat' dir='ltr'>miserere</span> <span class='ocrx_word' id='word_1_119' title='bbox 670 2274 891 2355; x_wconf 89' lang='lat' dir='ltr'>lacrimarum,</span> <span class='ocrx_word' id='word_1_120' title='bbox 903 2286 937 2341; x_wconf 90' lang='lat' dir='ltr'>et</span> <span class='ocrx_word' id='word_1_121' title='bbox 952 2295 1019 2340; x_wconf 94' lang='lat' dir='ltr'>non</span> <span class='ocrx_word' id='word_1_122' title='bbox 1030 2275 1209 2342; x_wconf 86' lang='lat' dir='ltr'>habentem</span> <span class='ocrx_word' id='word_1_123' title='bbox 1224 2275 1390 2354; x_wconf 90' lang='lat' dir='ltr'>fiduciam,</span> 
     </span>
     <span class='ocr_line' id='line_1_19' title="bbox 296 2378 1391 2459; baseline 0.002 -17"><span class='ocrx_word' id='word_1_124' title='bbox 296 2379 357 2445; x_wconf 90' lang='lat' dir='ltr'>nisi</span> <span class='ocrx_word' id='word_1_125' title='bbox 383 2379 417 2445; x_wconf 90' lang='lat' dir='ltr'>in</span> <span class='ocrx_word' id='word_1_126' title='bbox 445 2388 504 2445; x_wconf 91' lang='lat' dir='ltr'>tua</span> <span class='ocrx_word' id='word_1_127' title='bbox 528 2378 758 2459; x_wconf 88' lang='lat' dir='ltr'>misericordia,</span> <span class='ocrx_word' id='word_1_128' title='bbox 780 2378 824 2443; x_wconf 89' lang='lat' dir='ltr'>ad</span> <span class='ocrx_word' id='word_1_129' title='bbox 848 2387 1091 2444; x_wconf 88' lang='lat' dir='ltr'>sacramentum</span> <span class='ocrx_word' id='word_1_130' title='bbox 1118 2378 1391 2444; x_wconf 86' lang='lat' dir='ltr'>reconciliationis</span> 
     </span>
     <span class='ocr_line' id='line_1_20' title="bbox 295 2479 1149 2565; baseline -0.005 -18"><span class='ocrx_word' id='word_1_131' title='bbox 295 2483 446 2549; x_wconf 89' lang='lat' dir='ltr'>admitte.</span> <span class='ocrx_word' id='word_1_132' title='bbox 492 2483 596 2565; x_wconf 78' lang='lat' dir='ltr'>Pery</span> <span class='ocrx_word' id='word_1_133' title='bbox 1145 2479 1149 2489; x_wconf 90' lang='lat'>&#39;</span> 
     </span>
    </p>
   </div>
   <div class='ocr_carea' id='block_1_6' title="bbox 185 2601 1390 4054">
    <p class='ocr_par' dir='ltr' id='par_1_6' title="bbox 185 2601 1390 4054">
     <span class='ocr_line' id='line_1_21' title="bbox 340 2601 1389 2688; baseline 0.002 -22"><span class='ocrx_word' id='word_1_134' title='bbox 340 2602 553 2669; x_wconf 88' lang='lat' dir='ltr'>Maiestatem</span> <span class='ocrx_word' id='word_1_135' title='bbox 582 2612 683 2679; x_wconf 89' lang='lat' dir='ltr'>tuam,</span> <span class='ocrx_word' id='word_1_136' title='bbox 713 2603 872 2678; x_wconf 90' lang='lat' dir='ltr'>Domine,</span> <span class='ocrx_word' id='word_1_137' title='bbox 900 2601 1066 2687; x_wconf 89' lang='lat' dir='ltr'>supplices</span> <span class='ocrx_word' id='word_1_138' title='bbox 1097 2603 1322 2688; x_wconf 90' lang='lat' dir='ltr'>deprecamur,</span> <span class='ocrx_word' id='word_1_139' title='bbox 1352 2612 1389 2668; x_wconf 95' lang='lat' dir='ltr'>ut</span> 
     </span>
     <span class='ocr_line' id='line_1_22' title="bbox 185 2703 1390 2791; baseline 0.002 -20"><span class='ocrx_word' id='word_1_140' title='bbox 185 2718 192 2731; x_wconf 85' lang='lat'><strong>·</strong></span> <span class='ocrx_word' id='word_1_141' title='bbox 255 2718 262 2733; x_wconf 90' lang='grc'><em>·</em></span> <span class='ocrx_word' id='word_1_142' title='bbox 296 2706 373 2772; x_wconf 89' lang='lat' dir='ltr'>huic</span> <span class='ocrx_word' id='word_1_143' title='bbox 395 2705 519 2772; x_wconf 83' lang='lat' dir='ltr'>famulo</span> <span class='ocrx_word' id='word_1_144' title='bbox 540 2716 598 2774; x_wconf 89' lang='lat' dir='ltr'>tuo</span> <span class='ocrx_word' id='word_1_145' title='bbox 610 2703 647 2783; x_wconf 77' lang='lat'>⁴⁸,</span> <span class='ocrx_word' id='word_1_146' title='bbox 667 2705 768 2790; x_wconf 92' lang='lat' dir='ltr'>longo</span> <span class='ocrx_word' id='word_1_147' title='bbox 790 2705 944 2791; x_wconf 90' lang='lat' dir='ltr'>squalore</span> <span class='ocrx_word' id='word_1_148' title='bbox 966 2707 1191 2788; x_wconf 88' lang='lat' dir='ltr'>poenitentiae</span> <span class='ocrx_word' id='word_1_149' title='bbox 1213 2717 1390 2786; x_wconf 89' lang='lat' dir='ltr'>macerato,</span> 
     </span>
     <span class='ocr_line' id='line_1_23' title="bbox 299 2808 1389 2894; baseline 0 -19"><span class='ocrx_word' id='word_1_150' title='bbox 299 2809 513 2876; x_wconf 84' lang='lat' dir='ltr'>miserationis</span> <span class='ocrx_word' id='word_1_151' title='bbox 530 2821 608 2874; x_wconf 90' lang='lat' dir='ltr'>tuae</span> <span class='ocrx_word' id='word_1_152' title='bbox 621 2808 752 2874; x_wconf 85' lang='lat' dir='ltr'>veniam</span> <span class='ocrx_word' id='word_1_153' title='bbox 774 2809 884 2894; x_wconf 87' lang='lat' dir='ltr'>largiri</span> <span class='ocrx_word' id='word_1_154' title='bbox 906 2809 1061 2893; x_wconf 88' lang='lat' dir='ltr'>digneris,</span> <span class='ocrx_word' id='word_1_155' title='bbox 1075 2819 1121 2888; x_wconf 89' lang='lat' dir='ltr'>ut,</span> <span class='ocrx_word' id='word_1_156' title='bbox 1136 2809 1276 2893; x_wconf 88' lang='lat' dir='ltr'>nuptiali</span> <span class='ocrx_word' id='word_1_157' title='bbox 1295 2821 1389 2876; x_wconf 91' lang='lat' dir='ltr'>veste</span> 
     </span>
     <span class='ocr_line' id='line_1_24' title="bbox 298 2912 1390 2999; baseline 0 -21"><span class='ocrx_word' id='word_1_158' title='bbox 298 2923 441 2999; x_wconf 86' lang='lat' dir='ltr'>recepta,</span> <span class='ocrx_word' id='word_1_159' title='bbox 460 2913 504 2980; x_wconf 91' lang='lat' dir='ltr'>ad</span> <span class='ocrx_word' id='word_1_160' title='bbox 522 2912 665 2997; x_wconf 82' lang='lat' dir='ltr'>regalem</span> <span class='ocrx_word' id='word_1_161' title='bbox 685 2933 834 2978; x_wconf 88' lang='lat' dir='ltr'>mensam</span> <span class='ocrx_word' id='word_1_162' title='bbox 854 2912 944 2977; x_wconf 91' lang='lat' dir='ltr'>unde</span> <span class='ocrx_word' id='word_1_163' title='bbox 961 2912 1082 2978; x_wconf 87' lang='lat' dir='ltr'>eiectus</span> <span class='ocrx_word' id='word_1_164' title='bbox 1097 2913 1202 2978; x_wconf 85' lang='lat' dir='ltr'>suerat</span> <span class='ocrx_word' id='word_1_165' title='bbox 1225 2925 1390 2981; x_wconf 90' lang='lat' dir='ltr'>mereatur</span> 
     </span>
     <span class='ocr_line' id='line_1_25' title="bbox 297 3015 616 3099; baseline 0 -19"><span class='ocrx_word' id='word_1_166' title='bbox 297 3017 417 3082; x_wconf 89' lang='lat' dir='ltr'>intrare</span> <span class='ocrx_word' id='word_1_167' title='bbox 427 3015 465 3079; x_wconf 83' lang='lat'>⁴⁴.</span> <span class='ocrx_word' id='word_1_168' title='bbox 511 3018 616 3099; x_wconf 74' lang='lat' dir='ltr'>Peny</span> 
     </span>
     <span class='ocr_line' id='line_1_26' title="bbox 341 3135 1390 3219; baseline -0.001 -17"><span class='ocrx_word' id='word_1_169' title='bbox 341 3137 551 3202; x_wconf 88' lang='lat' dir='ltr'>Maiestatem</span> <span class='ocrx_word' id='word_1_170' title='bbox 588 3145 679 3201; x_wconf 87' lang='lat' dir='ltr'>tuam</span> <span class='ocrx_word' id='word_1_171' title='bbox 716 3156 924 3219; x_wconf 89' lang='lat' dir='ltr'>quaesumus,</span> <span class='ocrx_word' id='word_1_172' title='bbox 956 3135 1103 3202; x_wconf 90' lang='lat' dir='ltr'>Domine</span> <span class='ocrx_word' id='word_1_173' title='bbox 1138 3147 1261 3215; x_wconf 89' lang='lat' dir='ltr'>sancte,</span> <span class='ocrx_word' id='word_1_174' title='bbox 1291 3137 1390 3201; x_wconf 91' lang='lat' dir='ltr'>Pater</span> 
     </span>
     <span class='ocr_line' id='line_1_27' title="bbox 296 3238 1389 3327; baseline -0.001 -22"><span class='ocrx_word' id='word_1_175' title='bbox 296 3241 517 3324; x_wconf 90' lang='lat' dir='ltr'>omnipotens,</span> <span class='ocrx_word' id='word_1_176' title='bbox 531 3248 662 3305; x_wconf 88' lang='lat' dir='ltr'>aeterne</span> <span class='ocrx_word' id='word_1_177' title='bbox 676 3238 933 3327; x_wconf 34' lang='lat' dir='ltr'>Deus,·qui·non</span> <span class='ocrx_word' id='word_1_178' title='bbox 949 3248 1089 3305; x_wconf 86' lang='lat' dir='ltr'>mortem</span> <span class='ocrx_word' id='word_1_179' title='bbox 1105 3240 1162 3304; x_wconf 89' lang='lat' dir='ltr'>sed</span> <span class='ocrx_word' id='word_1_180' title='bbox 1178 3249 1389 3326; x_wconf 86' lang='lat' dir='ltr'>peccatorum</span> 
     </span>
     <span class='ocr_line' id='line_1_28' title="bbox 295 3341 1389 3428; baseline -0.003 -18"><span class='ocrx_word' id='word_1_181' title='bbox 295 3343 400 3410; x_wconf 83' lang='lat' dir='ltr'>vitam</span> <span class='ocrx_word' id='word_1_182' title='bbox 437 3363 567 3428; x_wconf 90' lang='lat' dir='ltr'>semper</span> <span class='ocrx_word' id='word_1_183' title='bbox 602 3342 747 3426; x_wconf 91' lang='lat' dir='ltr'>inquiris,</span> <span class='ocrx_word' id='word_1_184' title='bbox 778 3342 902 3426; x_wconf 92' lang='lat' dir='ltr'>respice</span> <span class='ocrx_word' id='word_1_185' title='bbox 931 3341 1065 3408; x_wconf 85' lang='lat' dir='ltr'>flentem</span> <span class='ocrx_word' id='word_1_186' title='bbox 1095 3342 1255 3407; x_wconf 82' lang='lat' dir='ltr'>famulum</span> <span class='ocrx_word' id='word_1_187' title='bbox 1285 3350 1389 3421; x_wconf 87' lang='lat' dir='ltr'>tuum,</span> 
     </span>
     <span class='ocr_line' id='line_1_29' title="bbox 295 3445 1389 3534; baseline -0.001 -21"><span class='ocrx_word' id='word_1_188' title='bbox 295 3449 432 3514; x_wconf 89' lang='lat' dir='ltr'>attende</span> <span class='ocrx_word' id='word_1_189' title='bbox 459 3456 672 3534; x_wconf 88' lang='lat' dir='ltr'>prostratum,</span> <span class='ocrx_word' id='word_1_190' title='bbox 701 3447 836 3531; x_wconf 85' lang='lat' dir='ltr'>eiusque</span> <span class='ocrx_word' id='word_1_191' title='bbox 868 3445 1036 3531; x_wconf 90' lang='lat' dir='ltr'>planctum</span> <span class='ocrx_word' id='word_1_192' title='bbox 1074 3448 1109 3512; x_wconf 93' lang='lat' dir='ltr'>in</span> <span class='ocrx_word' id='word_1_193' title='bbox 1139 3448 1297 3531; x_wconf 89' lang='lat' dir='ltr'>gaudium</span> <span class='ocrx_word' id='word_1_194' title='bbox 1330 3457 1389 3512; x_wconf 90' lang='lat' dir='ltr'>tua</span> 
     </span>
     <span class='ocr_line' id='line_1_30' title="bbox 295 3547 1388 3630; baseline -0.002 -13"><span class='ocrx_word' id='word_1_195' title='bbox 295 3552 505 3617; x_wconf 88' lang='lat' dir='ltr'>miseratione</span> <span class='ocrx_word' id='word_1_196' title='bbox 518 3551 663 3617; x_wconf 91' lang='lat' dir='ltr'>concede</span> <span class='ocrx_word' id='word_1_197' title='bbox 671 3547 714 3613; x_wconf 75' lang='lat'>⁴⁶.</span> <span class='ocrx_word' id='word_1_198' title='bbox 744 3550 867 3616; x_wconf 89' lang='lat' dir='ltr'>Scinde</span> <span class='ocrx_word' id='word_1_199' title='bbox 881 3550 1074 3616; x_wconf 88' lang='lat' dir='ltr'>delictorum</span> <span class='ocrx_word' id='word_1_200' title='bbox 1089 3572 1228 3630; x_wconf 89' lang='lat' dir='ltr'>saccum,</span> <span class='ocrx_word' id='word_1_201' title='bbox 1239 3559 1273 3615; x_wconf 89' lang='lat' dir='ltr'>et</span> <span class='ocrx_word' id='word_1_202' title='bbox 1288 3552 1388 3616; x_wconf 91' lang='lat' dir='ltr'>indue</span> 
     </span>
     <span class='ocr_line' id='line_1_31' title="bbox 296 3653 1387 3739; baseline -0.002 -18"><span class='ocrx_word' id='word_1_203' title='bbox 296 3676 372 3722; x_wconf 90' lang='lat' dir='ltr'>eurn</span> <span class='ocrx_word' id='word_1_204' title='bbox 387 3655 547 3721; x_wconf 86' lang='lat' dir='ltr'>laetitiam</span> <span class='ocrx_word' id='word_1_205' title='bbox 561 3653 749 3735; x_wconf 88' lang='lat' dir='ltr'>salutarem,</span> <span class='ocrx_word' id='word_1_206' title='bbox 764 3663 805 3719; x_wconf 86' lang='lat' dir='ltr'>ut¹</span> <span class='ocrx_word' id='word_1_207' title='bbox 823 3662 900 3739; x_wconf 90' lang='lat' dir='ltr'>post</span> <span class='ocrx_word' id='word_1_208' title='bbox 922 3654 1057 3739; x_wconf 88' lang='lat' dir='ltr'>longam</span> <span class='ocrx_word' id='word_1_209' title='bbox 1068 3653 1097 3693; x_wconf 77' lang='lat'>⁴⁸</span> <span class='ocrx_word' id='word_1_210' title='bbox 1114 3655 1387 3739; x_wconf 84' lang='lat' dir='ltr'>peregrinationis</span> 
     </span>
     <span class='ocr_line' id='line_1_32' title="bbox 293 3757 1386 3844; baseline -0.001 -18"><span class='ocrx_word' id='word_1_211' title='bbox 293 3759 415 3826; x_wconf 83' lang='lat' dir='ltr'>samem</span> <span class='ocrx_word' id='word_1_212' title='bbox 427 3758 457 3799; x_wconf 74' lang='lat'>⁴⁶</span> <span class='ocrx_word' id='word_1_213' title='bbox 473 3761 516 3824; x_wconf 93' lang='lat' dir='ltr'>de</span> <span class='ocrx_word' id='word_1_214' title='bbox 529 3760 652 3824; x_wconf 88' lang='lat' dir='ltr'>sanctis</span> <span class='ocrx_word' id='word_1_215' title='bbox 673 3757 834 3824; x_wconf 88' lang='lat' dir='ltr'>altaribus</span> <span class='ocrx_word' id='word_1_216' title='bbox 850 3759 916 3824; x_wconf 89' lang='lat' dir='ltr'>tuis</span> <span class='ocrx_word' id='word_1_217' title='bbox 934 3759 1091 3825; x_wconf 88' lang='lat' dir='ltr'>satietur:</span> <span class='ocrx_word' id='word_1_218' title='bbox 1115 3760 1278 3844; x_wconf 88' lang='lat' dir='ltr'>ingressus</span> <span class='ocrx_word' id='word_1_219' title='bbox 1294 3760 1386 3825; x_wconf 91' lang='lat' dir='ltr'>cubi·</span> 
     </span>
     <span class='ocr_line' id='line_1_33' title="bbox 294 3860 1387 3946; baseline -0.002 -17"><span class='ocrx_word' id='word_1_220' title='bbox 294 3864 405 3929; x_wconf 91' lang='lat' dir='ltr'>culum</span> <span class='ocrx_word' id='word_1_221' title='bbox 422 3863 533 3946; x_wconf 88' lang='lat' dir='ltr'>Regis,</span> <span class='ocrx_word' id='word_1_222' title='bbox 549 3862 581 3925; x_wconf 91' lang='lat' dir='ltr'>in</span> <span class='ocrx_word' id='word_1_223' title='bbox 605 3862 707 3946; x_wconf 89' lang='lat' dir='ltr'>ipsius</span> <span class='ocrx_word' id='word_1_224' title='bbox 729 3860 806 3926; x_wconf 88' lang='lat' dir='ltr'>aula</span> <span class='ocrx_word' id='word_1_225' title='bbox 827 3862 1004 3926; x_wconf 91' lang='lat' dir='ltr'>benedicat</span> <span class='ocrx_word' id='word_1_226' title='bbox 1025 3882 1147 3927; x_wconf 93' lang='lat' dir='ltr'>nomen</span> <span class='ocrx_word' id='word_1_227' title='bbox 1169 3862 1293 3946; x_wconf 86' lang='lat' dir='ltr'>gloriae</span> <span class='ocrx_word' id='word_1_228' title='bbox 1309 3872 1387 3928; x_wconf 90' lang='lat' dir='ltr'>tuae</span> 
     </span>
     <span class='ocr_line' id='line_1_34' title="bbox 292 3966 748 4054; baseline -0.007 -21"><span class='ocrx_word' id='word_1_229' title='bbox 292 3988 433 4054; x_wconf 90' lang='lat' dir='ltr'>semper.</span> <span class='ocrx_word' id='word_1_230' title='bbox 480 3967 542 4032; x_wconf 86' lang='lat' dir='ltr'>Per</span> <span class='ocrx_word' id='word_1_231' title='bbox 556 3966 748 4031; x_wconf 87' lang='lat' dir='ltr'>Dominum.</span> 
     </span>
    </p>
   </div>
   <div class='ocr_carea' id='block_1_7' title="bbox 114 4087 1389 4797">
    <p class='ocr_par' dir='ltr' id='par_1_7' title="bbox 114 4087 1387 4588">
     <span class='ocr_line' id='line_1_35' title="bbox 114 4087 1387 4173; baseline -0.002 -16"><span class='ocrx_word' id='word_1_232' title='bbox 114 4103 168 4169; x_wconf 77' lang='lat' dir='ltr'>[ct</span> <span class='ocrx_word' id='word_1_233' title='bbox 179 4104 254 4157; x_wconf 71' lang='lat' dir='ltr'>Geth</span> <span class='ocrx_word' id='word_1_234' title='bbox 337 4090 430 4153; x_wconf 91' lang='lat' dir='ltr'>Deus</span> <span class='ocrx_word' id='word_1_235' title='bbox 445 4087 635 4167; x_wconf 87' lang='lat' dir='ltr'>misericors,</span> <span class='ocrx_word' id='word_1_236' title='bbox 651 4087 745 4152; x_wconf 89' lang='lat' dir='ltr'>Deus</span> <span class='ocrx_word' id='word_1_237' title='bbox 760 4087 915 4168; x_wconf 89' lang='lat' dir='ltr'>clemens,</span> <span class='ocrx_word' id='word_1_238' title='bbox 929 4089 985 4173; x_wconf 90' lang='lat' dir='ltr'>qui</span> <span class='ocrx_word' id='word_1_239' title='bbox 1005 4087 1243 4172; x_wconf 86' lang='lat' dir='ltr'>indulgentiam</span> <span class='ocrx_word' id='word_1_240' title='bbox 1257 4097 1350 4154; x_wconf 90' lang='lat' dir='ltr'>tuam</span> <span class='ocrx_word' id='word_1_241' title='bbox 1360 4087 1387 4128; x_wconf 79' lang='lat'>⁴⁷</span> 
     </span>
     <span class='ocr_line' id='line_1_36' title="bbox 115 4169 1387 4276; baseline 0 -19"><span class='ocrx_word' id='word_1_242' title='bbox 115 4169 168 4236; x_wconf 61' lang='grc' dir='ltr'><em>Μ</em></span> <span class='ocrx_word' id='word_1_243' title='bbox 292 4191 383 4257; x_wconf 89' lang='lat' dir='ltr'>nulla</span> <span class='ocrx_word' id='word_1_244' title='bbox 397 4200 584 4275; x_wconf 91' lang='lat' dir='ltr'>temporum</span> <span class='ocrx_word' id='word_1_245' title='bbox 599 4190 673 4276; x_wconf 88' lang='lat' dir='ltr'>lege</span> <span class='ocrx_word' id='word_1_246' title='bbox 687 4190 866 4273; x_wconf 88' lang='lat' dir='ltr'>concludis,</span> <span class='ocrx_word' id='word_1_247' title='bbox 877 4193 935 4258; x_wconf 88' lang='lat' dir='ltr'>sed</span> <span class='ocrx_word' id='word_1_248' title='bbox 950 4191 1093 4275; x_wconf 87' lang='lat' dir='ltr'>pulsanti</span> <span class='ocrx_word' id='word_1_249' title='bbox 1104 4190 1130 4230; x_wconf 82' lang='lat'>⁴⁸</span> <span class='ocrx_word' id='word_1_250' title='bbox 1146 4191 1387 4257; x_wconf 89' lang='lat' dir='ltr'>misericordiae</span> 
     </span>
     <span class='ocr_line' id='line_1_37' title="bbox 237 4294 1387 4379; baseline 0.003 -23"><span class='ocrx_word' id='word_1_251' title='bbox 237 4349 240 4356; x_wconf 91' lang='lat'>.</span> <span class='ocrx_word' id='word_1_252' title='bbox 292 4304 369 4361; x_wconf 87' lang='lat' dir='ltr'>tuae</span> <span class='ocrx_word' id='word_1_253' title='bbox 390 4295 523 4361; x_wconf 89' lang='lat' dir='ltr'>ianuam</span> <span class='ocrx_word' id='word_1_254' title='bbox 544 4295 662 4378; x_wconf 89' lang='lat' dir='ltr'>aperis,</span> <span class='ocrx_word' id='word_1_255' title='bbox 676 4295 885 4378; x_wconf 87' lang='lat' dir='ltr'>poenitentes</span> <span class='ocrx_word' id='word_1_256' title='bbox 900 4297 1001 4360; x_wconf 89' lang='lat' dir='ltr'>etiarn</span> <span class='ocrx_word' id='word_1_257' title='bbox 1017 4294 1079 4360; x_wconf 93' lang='lat' dir='ltr'>sub</span> <span class='ocrx_word' id='word_1_258' title='bbox 1094 4296 1168 4379; x_wconf 91' lang='lat' dir='ltr'>ipso</span> <span class='ocrx_word' id='word_1_259' title='bbox 1181 4295 1275 4360; x_wconf 82' lang='lat' dir='ltr'>uitae</span> <span class='ocrx_word' id='word_1_260' title='bbox 1289 4294 1387 4360; x_wconf 91' lang='lat' dir='ltr'>huius</span> 
     </span>
     <span class='ocr_line' id='line_1_38' title="bbox 292 4398 1387 4485; baseline 0.001 -21"><span class='ocrx_word' id='word_1_261' title='bbox 292 4399 433 4464; x_wconf 88' lang='lat' dir='ltr'>termino</span> <span class='ocrx_word' id='word_1_262' title='bbox 461 4417 529 4465; x_wconf 91' lang='lat' dir='ltr'>non</span> <span class='ocrx_word' id='word_1_263' title='bbox 556 4398 711 4482; x_wconf 86' lang='lat' dir='ltr'>relinquis</span> <span class='ocrx_word' id='word_1_264' title='bbox 722 4398 759 4462; x_wconf 75' lang='lat'>⁴⁹.</span> <span class='ocrx_word' id='word_1_265' title='bbox 815 4399 958 4484; x_wconf 88' lang='lat' dir='ltr'>Respice</span> <span class='ocrx_word' id='word_1_266' title='bbox 985 4399 1145 4485; x_wconf 87' lang='lat' dir='ltr'>propitius</span> <span class='ocrx_word' id='word_1_267' title='bbox 1173 4420 1272 4484; x_wconf 90' lang='lat' dir='ltr'>super</span> <span class='ocrx_word' id='word_1_268' title='bbox 1299 4398 1387 4465; x_wconf 94' lang='lat' dir='ltr'>hunc</span> 
     </span>
     <span class='ocr_line' id='line_1_39' title="bbox 292 4501 1387 4588; baseline 0.001 -20"><span class='ocrx_word' id='word_1_269' title='bbox 292 4502 453 4569; x_wconf 80' lang='lat' dir='ltr'>famulum</span> <span class='ocrx_word' id='word_1_270' title='bbox 481 4513 575 4569; x_wconf 90' lang='lat' dir='ltr'>tuum</span> <span class='ocrx_word' id='word_1_271' title='bbox 587 4501 625 4582; x_wconf 76' lang='lat'>⁶⁰,</span> <span class='ocrx_word' id='word_1_272' title='bbox 656 4502 881 4569; x_wconf 89' lang='lat' dir='ltr'>remissionem</span> <span class='ocrx_word' id='word_1_273' title='bbox 909 4502 972 4568; x_wconf 90' lang='lat' dir='ltr'>sibi</span> <span class='ocrx_word' id='word_1_274' title='bbox 1000 4504 1148 4569; x_wconf 91' lang='lat' dir='ltr'>omniurn</span> <span class='ocrx_word' id='word_1_275' title='bbox 1173 4511 1387 4588; x_wconf 86' lang='lat' dir='ltr'>peccatorum</span> 
     </span>
    </p>

    <p class='ocr_par' dir='ltr' id='par_1_8' title="bbox 293 4607 1389 4692">
     <span class='ocr_line' id='line_1_40' title="bbox 293 4607 1389 4692; baseline 0.001 -20"><span class='ocrx_word' id='word_1_276' title='bbox 293 4617 366 4673; x_wconf 90' lang='lat' dir='ltr'>tota</span> <span class='ocrx_word' id='word_1_277' title='bbox 383 4609 490 4673; x_wconf 91' lang='lat' dir='ltr'>cordis</span> <span class='ocrx_word' id='word_1_278' title='bbox 504 4607 708 4673; x_wconf 84' lang='lat' dir='ltr'>confessione</span> <span class='ocrx_word' id='word_1_279' title='bbox 722 4615 928 4692; x_wconf 89' lang='lat' dir='ltr'>poscentem.</span> <span class='ocrx_word' id='word_1_280' title='bbox 972 4607 1110 4673; x_wconf 81' lang='lat' dir='ltr'>Renoua</span> <span class='ocrx_word' id='word_1_281' title='bbox 1125 4608 1157 4671; x_wconf 92' lang='lat' dir='ltr'>in</span> <span class='ocrx_word' id='word_1_282' title='bbox 1174 4629 1224 4685; x_wconf 86' lang='lat' dir='ltr'>eo,</span> <span class='ocrx_word' id='word_1_283' title='bbox 1242 4607 1389 4690; x_wconf 88' lang='lat' dir='ltr'>piissime</span> 
     </span>
    </p>

    <p class='ocr_par' dir='ltr' id='par_1_9' title="bbox 293 4711 1387 4797">
     <span class='ocr_line' id='line_1_41' title="bbox 293 4711 1387 4797; baseline -0.002 -20"><span class='ocrx_word' id='word_1_284' title='bbox 293 4713 399 4790; x_wconf 90' lang='lat' dir='ltr'>Pater,</span> <span class='ocrx_word' id='word_1_285' title='bbox 421 4714 510 4795; x_wconf 90' lang='lat' dir='ltr'>quod</span> <span class='ocrx_word' id='word_1_286' title='bbox 531 4712 668 4788; x_wconf 88' lang='lat' dir='ltr'>actione,</span> <span class='ocrx_word' id='word_1_287' title='bbox 688 4713 779 4797; x_wconf 91' lang='lat' dir='ltr'>quod</span> <span class='ocrx_word' id='word_1_288' title='bbox 801 4712 912 4792; x_wconf 86' lang='lat' dir='ltr'>verbo,</span> <span class='ocrx_word' id='word_1_289' title='bbox 929 4713 1019 4796; x_wconf 92' lang='lat' dir='ltr'>quod</span> <span class='ocrx_word' id='word_1_290' title='bbox 1042 4712 1113 4796; x_wconf 86' lang='lat' dir='ltr'>ipsa</span> <span class='ocrx_word' id='word_1_291' title='bbox 1134 4711 1277 4794; x_wconf 89' lang='lat' dir='ltr'>denique</span> <span class='ocrx_word' id='word_1_292' title='bbox 1298 4712 1387 4796; x_wconf 89' lang='lat' dir='ltr'>cogi·</span> 
     </span>
    </p>
   </div>
   <div class='ocr_carea' id='block_1_8' title="bbox 0 0 1680 5828">
    <p class='ocr_par' dir='ltr' id='par_1_10' title="bbox 0 0 1680 5828">
     <span class='ocr_line' id='line_1_42' title="bbox 0 0 1680 5828; baseline 0 2"><span class='ocrx_word' id='word_1_293' title='bbox 0 0 1680 5828; x_wconf 95' lang='lat' dir='ltr'> </span> 
     </span>
    </p>
   </div>
  </div>
 </body>
</html>
