3352 5828
307 406 368 471 116
585 414 713 471 LIBER
733 413 1123 472 SACRAMENTORUM
1196 410 1230 478 [1.
1240 408 1321 473 lxxiv,
1333 406 1404 460 lxxv.

775 665 933 722 umv.

534 795 631 860 Iesu
654 808 746 860 narn
768 809 822 860 Au
843 809 1149 864 succumeuuuu
1158 794 1182 860 ¹.

353 933 497 1006 Adesto,
513 932 668 1013 Domine,
687 933 754 1000 tuis
770 934 889 1001 adesto
907 933 1105 1011 muneribus,
1121 941 1159 997 ut
1180 932 1271 1017 quod
1295 940 1408 996 nostro

312 1046 363 1102 est
404 1038 586 1122 gerendum
631 1037 763 1102 servitio
806 1048 867 1104 tuo
911 1036 1087 1122 impleatur
1136 1034 1270 1100 auxilio.
1345 1033 1408 1097 Per

312 1139 503 1205 Dominum.

682 1228 841 1312 Sequitur
857 1227 1036 1295 benedetto.

358 1348 505 1414 Domine
526 1358 648 1428 sancte,
670 1349 768 1414 Pater
789 1349 1011 1435 omnipotens,
1032 1359 1165 1414 aeterne
1184 1348 1286 1424 Deus,
1306 1365 1409 1431 aqua·

315 1472 388 1519 rum
402 1453 601 1538 spiritalium
622 1451 852 1533 sanctificator,
867 1463 901 1519 te
921 1452 1113 1538 suppliciter
1132 1454 1357 1536 deprecamur,
1372 1459 1410 1515 ut

314 1559 358 1622 ad
380 1557 444 1624 hoc
466 1557 683 1623 ministerium
702 1557 899 1624 humilitatis
921 1568 1052 1625 nostrae
1074 1557 1237 1641 respicere
1257 1555 1410 1638 digneris,

316 1671 350 1727 et
373 1681 472 1744 super
498 1662 559 1726 has
581 1659 755 1727 abluendis
780 1658 908 1745 aquas²
933 1671 968 1726 et
992 1661 1196 1726 vivificandis
1222 1659 1412 1724 hominibus

316 1773 529 1849 praeparatas
543 1764 700 1850 angelum
716 1766 899 1832 sanctitatis
914 1766 1057 1844 emittas,
1071 1785 1139 1848 quo
1158 1763 1303 1848 peccatis
1323 1762 1413 1827 vitae

316 1868 434 1952 prioris
456 1866 578 1934 ablutis
587 1867 611 1948 ⁸,
636 1878 795 1952 reatuque
819 1868 960 1947 deterso,
986 1889 1106 1954 purum
1132 1877 1248 1934 sancto
1275 1864 1413 1949 Spiritui

316 1970 543 2037 habitaculum
562 1973 595 2036 in
618 1973 818 2058 regeneratis
839 1981 1000 2056 procuret
1045 1972 1108 2037 Per
1130 1970 1313 2036 Dominum
1335 1988 1413 2035 nos-

317 2083 415 2141 trum.

349 2202 359 2233 ¹
374 2204 571 2254 cuccurrendum
588 2204 620 2255 V.
654 2203 717 2254 'lhie
732 2204 833 2257 Collect
848 2205 899 2257 end
916 2205 1076 2257 Benediction
1093 2220 1136 2256 ere
1152 2203 1257 2256 omitted
1274 2203 1300 2254 in
1315 2202 1348 2254 R.
1365 2200 1416 2252 end

318 2269 378 2335 only
389 2269 513 2320 indicated
524 2270 558 2335 by
568 2269 634 2322 their
644 2270 696 2321 first
706 2271 789 2322 words
799 2273 826 2321 ln
837 2271 958 2324 Matiene
1030 2270 1041 2301 '
1055 2270 1131 2338 aquit
1142 2271 1174 2322 V.
1246 2269 1256 2300 ¹
1272 2268 1355 2320 abluti
1364 2267 1397 2319 V.

804 2513 942 2572 LXXV.

618 2642 716 2708 Iruu
738 2656 828 2708 nun
850 2643 1120 2711 Beunn1cr101.

368 2778 534 2844 Exorcizo
547 2788 592 2859 te,
605 2787 754 2845 creatura
767 2799 883 2864 aquae,
899 2780 932 2845 in
952 2781 1087 2846 nomine
1105 2781 1170 2846 Dei
1186 2781 1292 2846 Patris
1310 2780 1419 2846 omni-

325 2883 471 2966 potentis
497 2892 532 2948 et
558 2883 592 2947 in
611 2883 746 2948 nomine
771 2883 846 2948 Iesu
870 2882 992 2949 Christi
1018 2884 1095 2950 Filii
1117 2885 1196 2965 eius,
1218 2893 1253 2949 et
1275 2883 1420 2969 Spiritus

195 3020 202 3034 ·
326 2986 440 3051 sancti.
486 2984 605 3051 Omnis
628 2985 733 3051 virtus
759 2988 948 3064 adversarii,
977 2988 1084 3054 omnis
1114 2987 1256 3053 incursio
1284 2987 1419 3064 diaboii,

326 3109 425 3155 omne
450 3088 650 3172 phantasma
676 3089 843 3155 eradicare
871 3099 905 3156 et
936 3090 1081 3176 effugare
1108 3094 1152 3157 ab
1180 3090 1243 3156 hac
1271 3099 1421 3156 creatura

325 3212 442 3276 aquae,
458 3201 496 3257 ut
510 3191 569 3257 fiat
585 3192 659 3258 lons
674 3190 843 3259 salientis²
863 3194 1014 3260 invitam
1033 3203 1219 3261 aeternam:
1240 3192 1299 3260 et8
1319 3213 1421 3276 quum

327 3295 515 3378 baptizatus
542 3294 662 3361 suerit⁴
692 3295 751 3361 fiat
780 3296 943 3381 tempium
967 3298 1031 3363 Dei
1056 3297 1122 3363 vivi
1148 3298 1180 3362 in
1206 3295 1422 3362 remissione⁵

327 3407 563 3483 peccato-rum.
617 3400 680 3466 Per
714 3400 897 3466 Dominum
928 3410 1077 3467 nostrum
1112 3402 1221 3467 lesum
1253 3399 1421 3466 Christum
1436 3418 1496 3477 596

328 3503 450 3568 Filium
465 3512 570 3582 tuum,
584 3503 642 3587 qui
658 3513 817 3569 venturus
832 3513 883 3570 est
899 3504 1042 3570 iudicare
1056 3506 1149 3571 vivos
1165 3500 1213 3593 [et
1233 3515 1381 3570 mortuos
1392 3499 1421 3593 ⁶]

327 3618 361 3674 et
377 3606 545 3672 saeculum
559 3629 619 3693 per
634 3607 754 3693 ignem.
776 3635 798 3693 γ

370 3724 444 3792 131²
465 3737 640 3812 antequam
651 3728 838 3813 perfundas
852 3751 926 3796 eum
940 3751 1026 3814 aqua
1047 3730 1229 3814 interrogas
1249 3730 1282 3796 ei
1290 3729 1303 3769 ⁸
1326 3729 1424 3795 verba

217 3845 223 3859 ·
287 3843 293 3856 '
330 3829 477 3913 Symboli
488 3840 524 3895 et
535 3831 663 3896 dr'cis⁹.·

372 3950 490 4018 Credis
507 3951 540 4016 in
557 3953 669 4018 Deum
687 3953 820 4020 Patrem
836 3954 1125 4041 omnipotentem?

373 4054 466 4139 Resp.
489 4055 608 4122 Credo.

373 4173 492 4242 Credis
528 4187 563 4242 et
599 4177 632 4242 in
667 4179 779 4244 Iesum
815 4179 995 4256 Christum,
1026 4180 1146 4246 Filium
1179 4181 1248 4246 eius
1282 4182 1425 4258 unicum,

331 4280 519 4345 Dominum
533 4292 693 4360 nostrum,
710 4294 827 4350 natum
846 4294 881 4351 et
896 4289 1052 4368 passum?

373 4383 467 4466 Resp.
491 4382 611 4450 Credo.

376 4503 491 4570 Credis
524 4513 558 4570 et
588 4505 622 4570 in
654 4505 817 4590 Spiritum
845 4516 1006 4584 sanctum,
1030 4517 1176 4574 sanctam
1206 4508 1378 4575 ecclesiam
1390 4508 1427 4589 ¹⁰,

333 4609 557 4675 remissionem
573 4619 795 4695 peccatorum,
815 4613 923 4679 carnis
940 4615 1204 4680 resurrectionem
1216 4612 1265 4678 ¹¹?

375 4711 471 4797 Resp.
495 4712 614 4781 Credo.
