3352 5828
690 804 923 862 APPENDIX.

604 968 713 1048 Incipit
724 972 755 1030 e‘n
770 968 979 1049 Septuagese'mu
990 967 1008 1032 ¹.

362 1084 444 1147 Deus
463 1085 512 1165 qui
532 1103 585 1164 per
605 1085 781 1148 ineffabilem

363 1183 500 1245 Concede
521 1203 549 1264 q.
570 1203 599 1246 o.
620 1184 657 1245 D.
678 1184 824 1265 frngiitati

362 1281 500 1345 Concede
520 1283 605 1345 nobis
625 1302 664 1344 nn
685 1282 723 1344 D.
745 1295 774 1345 et
793 1284 882 1362 digne

344 1379 428 1440 ΝΒ.
449 1380 526 1454 Quia
545 1399 598 1460 per
618 1400 653 1443 es
673 1400 750 1461 quse
770 1382 987 1461 conspiciamus

365 1477 470 1540 Sacrae
490 1480 574 1540 nobis
593 1499 623 1560 q.
643 1478 719 1541 Dne.
740 1498 862 1542 mensae

364 1576 469 1638 Preces
487 1577 587 1658 populi
608 1579 650 1640 tui
671 1577 748 1640 Due.
768 1578 925 1641 clementer

563 1726 602 1788 In
616 1726 804 1807 Sexcgece‘mc
817 1728 859 1787 cd
868 1725 900 1789 S.
914 1727 1048 1788 Paulum.

362 1842 444 1904 Deus
463 1845 512 1924 qui
532 1845 679 1924 conspicis
699 1845 767 1925 quis
787 1862 824 1907 ex
845 1843 925 1904 nulls

364 1941 461 2003 Tuere
481 1961 510 2022 q.
532 1941 607 2004 Due.
629 1943 745 2023 plebem
765 1952 897 2004 tuamet
917 1960 1031 2004 sacram

344 2040 484 2101 slntende
504 2059 532 2118 q.
553 2041 629 2102 Due.
653 2041 779 2103 bostiam
800 2041 925 2103 familiae

344 2138 427 2198 sVD.
449 2138 509 2212 Qui
530 2140 733 2201 rationabilem
753 2149 918 2201 creaturam

362 2235 406 2296 Sit
425 2238 510 2298 nobis
530 2257 559 2316 q.
581 2236 657 2299 Dne.
678 2238 763 2300 cibus
783 2256 867 2299 sacer

364 2333 447 2414 Rege
467 2353 497 2414 q.
519 2334 596 2397 Dne.
616 2335 759 2416 populum
780 2347 864 2397 tuum

533 2482 572 2544 In
595 2482 833 2564 Qrc'rtquagetr'em
853 2485 895 2544 ad
912 2485 944 2546 S.
965 2485 1093 2547 Petrum.

366 2597 470 2659 Preces
490 2609 606 2660 nostras
627 2618 655 2679 q.
675 2598 753 2662 Due.
774 2600 932 2661 clementer
952 2600 1059 2661 exaudi

365 2691 456 2754 Aufer
476 2710 495 2752 a
514 2693 601 2754 nobis
620 2692 697 2754 Dne.
718 2712 748 2773 q.
769 2693 934 2773 iniquitates

367 2788 545 2850 Sacrificium
566 2790 642 2852 Dne.
663 2792 863 2853 observantiae
883 2791 1026 2870 paschalis

347 2886 432 2948 eVD.
450 2887 492 2949 Ut
512 2888 665 2950 modulum
685 2900 817 2951 terrenae

348 2984 480 3064 *Repleti
500 3004 600 3047 sumus
620 2986 696 3048 Due.
716 2986 864 3048 donorum
883 2987 1100 3066 participatione

366 3083 413 3144 De
433 3084 616 3145 multitudine
636 3085 849 3146 misericordiae

490 3246 585 3332 [Ordo
605 3251 761 3329 rigentibus
774 3252 917 3330 publr‘cme
931 3255 1136 3330 pommus

365 3362 493 3444 Suscipit
512 3385 571 3424 eum
593 3366 726 3444 visertia,
747 3373 794 3426 ete.

503 3512 650 3574 Orationes
668 3523 696 3574 et
706 3525 804 3592 preces
823 3525 908 3594 super
921 3515 1111 3593 potestatem.

364 3627 479 3688 Exaudi
498 3627 574 3688 Dne.
595 3647 696 3707 preces
715 3639 829 3690 nostras
849 3640 879 3690 et
898 3630 1102 3691 confitentium

365 3725 532 3786 Prseveniat
552 3725 631 3786 hunc
651 3726 797 3788 famulum

364 3824 476 3886 Adesto
496 3823 571 3884 Due.
592 3825 854 3904 supplicationibus
874 3828 981 3889 nostris
1000 3845 1056 3889 nec
1078 3828 1114 3888 sit

365 3922 493 3983 Domine
512 3921 551 3981 D.
572 3933 672 3984 noster
692 3925 743 4001 qui
763 3924 929 3986 offensione

366 4020 473 4082 Precor
492 4019 568 4081 Dne.
588 4021 772 4083 clementiam
792 4033 860 4083 tuse
880 4019 1051 4106 maiestatis]

386 4167 477 4228 Feric
496 4171 526 4228 r'u
545 4176 631 4248 capue
648 4171 681 4230 de
700 4168 830 4231 Iaiene'si.
871 4170 963 4232 Statio
982 4171 1024 4230 ad
1040 4170 1073 4234 S.
1095 4170 1244 4234 Sabrinam.

689 4269 743 4329 Ad
763 4268 923 4331 collectam.

368 4382 505 4444 Concede
526 4384 612 4445 nobis
631 4383 708 4445 Dne.
729 4384 874 4464 praesidis

711 4509 766 4570 Ad
782 4509 917 4571 Msisom.
983 4537 986 4542 ·

369 4624 488 4685 Praesta
507 4623 584 4686 Due.
604 4625 736 4686 fidelibus
757 4626 815 4687 tuis
835 4635 869 4685 ut
888 4625 1061 4687 ieiuniorum

368 4721 428 4783 Fac
448 4741 504 4784 nos
524 4741 552 4800 q.
575 4723 649 4785 Due.
669 4723 714 4785 his
733 4724 906 4785 muneribus
926 4723 1082 4785 offerendis

369 4818 437 4879 VD.
459 4820 519 4894 Qui
538 4822 679 4899 corporali
699 4823 810 4882 ieiunio

369 4917 508 4997 Percepta
529 4920 613 4980 nobis
634 4919 709 4981 Due.
732 4921 892 4999 praebeant

370 5010 469 5073 Tuere
490 5011 565 5073 Dne.
586 5012 727 5093 populum
747 5024 831 5075 tuum
851 5025 880 5074 et
901 5015 940 5075 ab
960 5013 1096 5076 omnibus

462 5138 1174 5209 ¹n.·sasseaaes.3...ae...(reamne).
