3352 5828
223 411 287 482 154
500 405 630 462 LIBER
649 404 1036 462 SACRAMENTORUM
1240 403 1273 470 [1.
1284 404 1316 455 ct

220 571 302 637 citer
324 580 509 648 exorantes,
533 581 570 636 ut
592 571 685 637 cuius
708 570 876 636 ministerii
897 570 969 636 vice
991 569 1053 635 tibi
1073 567 1232 632 servimus
1254 566 1315 630 irn-

221 674 340 752 meriti,
354 674 518 760 suffragiis
533 674 604 740 eius
618 672 819 740 reddamur⁶
834 674 960 757 accepti
971 670 995 736 ⁷.
1041 673 1111 737 Per.

626 819 722 876 Iunc
736 819 915 878 sotionem.

42 943 112 995 Men.
125 953 181 1007 ιη.
269 932 366 999 Hanc
380 934 534 1018 quoque⁸
550 933 763 1012 oblationem,
776 952 879 1016 quatu
890 932 993 998 offero
1005 951 1068 1016 ego
1082 941 1158 997 tuus
1174 929 1317 995 famulus

224 1046 258 1102 et
273 1038 427 1102 sacerdos
441 1038 486 1102 ob
500 1037 590 1101 diern
606 1037 639 1101 in
655 1056 723 1120 quo
738 1056 792 1100 me
809 1037 965 1119 dignatus
978 1055 1014 1100 es
1029 1034 1209 1100 ministerio
1223 1051 1317 1098 sacro

224 1140 426 1207 constituere
440 1141 653 1219 sacerdotem,
667 1140 816 1219 obsecro,
833 1138 986 1218 Domine,
1001 1138 1151 1222 placatus
1165 1136 1317 1221 accipias.

226 1244 329 1311 Unde
348 1245 556 1310 maiestatem
579 1254 672 1310 tuam
693 1243 836 1328 supplex
858 1242 986 1309 exorol
1008 1252 1046 1308 ut
1067 1242 1156 1325 quod
1175 1241 1208 1306 in
1231 1238 1319 1305 me¹⁰

226 1348 339 1433 largiri
368 1348 524 1434 dignatus
554 1371 598 1428 es,
627 1348 790 1434 propitius
820 1348 986 1413 custodire
1015 1348 1159 1430 digneris
1167 1344 1205 1408 ¹¹.
1259 1344 1320 1408 Per

228 1451 398 1519 Christum
415 1452 598 1519 Dominum
612 1463 770 1518 nostrum.
815 1451 927 1537 Quam
945 1451 1155 1518 oblationem.

646 1599 898 1657 Postoommun.

274 1709 477 1794 Repleantur
505 1710 787 1776 consolationibus
819 1711 896 1790 tuis,
929 1710 1083 1787 Domine,
1114 1730 1322 1793 quaesumus,

229 1823 364 1879 tuorum
390 1814 491 1880 corda
513 1813 670 1890 fidelium,
697 1814 887 1899 pariterque
913 1814 1015 1879 etiam
1041 1824 1076 1881 et
1100 1815 1143 1880 de
1167 1814 1323 1880 ecclesiae

229 1916 387 2003 praesule,
421 1927 456 1982 et
486 1919 529 1983 de
558 1939 692 1984 suorum
721 1928 877 1985 votorum
909 1916 1115 2001 plenitudine
1143 1918 1323 2001 gratiarum

228 2022 371 2088 referant
385 2021 531 2087 actiones
538 2017 572 2088 ¹².
619 2023 688 2088 Per.

246 2175 269 2255 ,Ι
286 2175 349 2227 This
359 2174 439 2254 Missa
449 2174 610 2263 corresponds
621 2191 680 2241 very
691 2174 782 2241 closely
793 2176 853 2227 wltb
865 2175 908 2253 the
918 2175 1002 2226 Missa
1096 2175 1103 2188 ’
1128 2175 1158 2225 in
1172 2175 1213 2226 die
1223 2176 1325 2226 ordina·

228 2240 754 2306 tronusuaamMmsrdeSemmentr-ry.
854 2239 865 2269 ¹
880 2241 981 2292 tuende
1021 2256 1075 2302 en.;
1092 2241 1323 2293 V.1aeon.utext.

227 2307 318 2372 'quae
328 2306 360 2356 V.
467 2307 477 2338 ¹
494 2306 570 2357 Leon.
583 2307 657 2357 omits
667 2311 732 2358 tuae.
838 2306 1008 2358 'celebranda
1019 2307 1050 2357 V.
1157 2303 1325 2358 ‘reddamur

228 2372 306 2422 Leon
317 2370 461 2437 (wrongly).
579 2369 590 2399 ¹
605 2371 707 2438 acceptis
718 2372 749 2420 V.
867 2370 877 2400 ⁸
893 2373 971 2422 Hanc
981 2388 1084 2438 quoque,
1095 2387 1124 2421 so
1136 2371 1182 2431 V.;
1198 2372 1265 2423 Men.
1277 2372 1323 2422 hu

228 2438 305 2488 Hanc
315 2437 405 2503 ἐρίων.
470 2435 481 2466 ’
495 2436 633 2502 suscipiam
650 2438 801 2487 mammem
812 2443 884 2487 tuam
894 2437 1000 2502 supplex
1008 2452 1113 2487 exorans
1124 2437 1192 2488 Men.
1259 2436 1279 2468 ¹⁰
1294 2445 1324 2487 ut

229 2502 259 2552 in
275 2517 314 2552 nu
328 2501 396 2568 quod
409 2503 476 2553 Meu.
574 2501 593 2532 ²¹
611 2503 678 2552 Men
694 2502 746 2553 like
764 2502 794 2552 V.
811 2517 891 2553 seems
906 2510 934 2552 to
950 2503 1037 2566 ignore
1053 2501 1096 2552 the
1113 2501 1196 2553 clame
1214 2501 1324 2568 Diesque

229 2574 330 2618 nostru
417 2565 438 2597 ¹¹
453 2568 573 2618 κώνωπι
583 2566 666 2625 Μαι.;
683 2566 715 2619 V.
727 2582 754 2617 es
765 2574 825 2617 text.
857 2567 913 2618 The
924 2567 1029 2633 parallel
1039 2567 1129 2619 collect
1139 2568 1165 2618 ln
1175 2567 1253 2618 uon.
1264 2567 1324 2632 only

229 2631 971 2698 agreeewiththatintbetexturegardsltsfirstclsusee

751 2925 806 2981 01.

234 3054 330 3119 Irrnr
348 3068 388 3120 nr
407 3052 868 3133 Nnrns1rroEr1scorr,s1
889 3067 1074 3119 mutunus
1095 3067 1172 3120 nur
1190 3068 1327 3122 iussus

320 3171 470 3235 rusum,
491 3170 683 3235 onumen
701 3157 917 3222 Pressuras
939 3169 1088 3222 osssnr
1108 3171 1327 3223 cousensus

321 3274 473 3328 u1ssnn.

53 3408 200 3478 nonno.
279 3400 423 3474 Praesta,
443 3416 660 3482 quaesumus,
689 3396 900 3482 omnipotens
930 3398 1127 3481 sempiterne
1159 3398 1261 3478 Deus,
1292 3408 1329 3463 ut

234 3501 387 3569 fidelibus
409 3502 475 3577 tuis
497 3501 686 3565 ordinatum
708 3502 927 3585 praebeamus
949 3500 1114 3581 affectum,
1134 3503 1247 3585 eisque
1267 3523 1328 3567 nos

233 3605 386 3672 similiter
410 3605 561 3688 spiritum
588 3613 739 3669 sanctum
764 3603 946 3689 diligendi¹
972 3605 1132 3689 benignus
1159 3606 1295 3671 infunde
1306 3603 1328 3670 ².

239 3712 318 3776 Per.-

709 3802 855 3862 osorem
1344 3814 1405 3870 628

279 3918 344 3995 Da,
373 3935 583 4000 quaesumus,
611 3917 822 4000 omnipotens
854 3917 958 3995 Deus,
988 3927 1024 3982 ut
1054 3918 1086 3983 in
1115 3928 1172 3983 tua
1205 3940 1264 4004 spe
1296 3931 1329 3985 et

235 4023 374 4089 caritate
402 4020 527 4086 sincera
557 4019 751 4086 sacrificium
781 4021 843 4088 tibi
877 4021 1045 4106 placatum
1075 4021 1261 4088 deseramus
1296 4034 1329 4089 et

235 4124 368 4213 plebis³
383 4135 417 4191 et
432 4123 601 4209 praesulis.
646 4124 718 4189 Per.

635 4285 733 4343 Intra
747 4286 928 4346 cononem.

281 4398 379 4464 Hanc
393 4398 495 4482 igitur
505 4398 708 4465 oblationem
721 4401 825 4466 sancti
838 4400 940 4484 patris
955 4399 1058 4464 nostri
1067 4400 1164 4465 Illius
1175 4401 1330 4485 episcopi,

238 4522 337 4585 quam
361 4503 423 4567 tibi
450 4501 618 4568 offerimus
647 4504 691 4568 ob
716 4505 806 4570 diem
829 4525 897 4588 quo
923 4525 999 4569 eum
1023 4504 1202 4589 pontificali
1231 4506 1329 4570 bene·

238 4607 382 4672 dictione
407 4607 519 4673 ditasti
545 4607 764 4692 [quaesumus
792 4608 946 4687 Domine,
967 4607 1116 4691 placatus
1142 4608 1282 4693 accipias
1294 4607 1329 4694 4].

240 4710 365 4776 Praebe
379 4711 418 4792 ei,
433 4731 642 4796 quaesumus,
658 4714 776 4777 aetat-is
792 4712 900 4798 spatia
915 4712 1104 4797 prolixiora,
1119 4713 1211 4778 cuius
1226 4734 1331 4778 sacer-
