3352 5828
852 379 1082 440 APPENDIX.

236 548 314 602 Gerb.
623 537 655 625 [v
675 541 722 605 Id.
742 541 808 604 Iun.
829 541 901 606 Nat.
921 543 979 607 SS.
1000 545 1104 606 Prsini
1120 553 1147 606 et
1163 543 1311 608 Fels'csism'.

236 631 263 682 p.
276 628 332 682 ¹³³
519 656 581 719 Fac
601 676 657 719 nos
677 657 754 720 Dne.
773 679 804 739 q.
825 670 993 722 sanctorum

520 756 586 818 Fist
605 756 682 819 Dne.
703 777 733 838 q.
753 757 849 822 hostis
868 759 1010 822 sacranda

520 854 561 931 Q.
581 874 609 918 n
629 854 669 917 D.
687 867 720 918 nt
741 866 910 920 sanctomm
929 855 1063 943 tuorum]

238 1033 318 1087 Geth.
465 1013 567 1101 [Prii.
580 971 628 1080 Izi
643 1016 710 1080 Isso.
724 1018 796 1082 Not
811 1018 868 1081 SS.
882 1018 1026 1082 Boss'lsiiis
1042 1021 1479 1088 Cs'rs’m'li’abor‘isuittam·⁴

237 1112 333 1167 9³³³*
521 1131 694 1195 Sanctorum
716 1132 751 1195 s.
773 1133 808 1197 c.
830 1133 869 1196 Ν.
890 1146 920 1197 et
940 1134 978 1197 N.
999 1157 1029 1217 q.
1050 1135 1127 1199 nne.
1147 1139 1276 1201 nasis

520 1230 579 1293 Pro
599 1243 768 1293 sannorum
787 1232 821 1294 B.
842 1232 877 1296 C.
898 1233 938 1298 N.
959 1245 988 1296 et
1008 1234 1047 1296 N.
1068 1238 1212 1316 sangnine

521 1329 605 1392 Lecti
624 1329 701 1392 Dne.
721 1343 891 1393 sanctorum
911 1332 1086 1419 msrtymm]

239 1507 316 1560 Getis
328 1523 373 1576 pp.
755 1493 848 1555 Heio.
868 1497 907 1556 st·
915 1504 984 1576 posi
1000 1497 1184 1559 Pentecosten

524 1607 622 1671 Sancti
642 1608 770 1671 nominis
790 1611 832 1670 tui
852 1609 929 1673 Dne.
950 1612 1084 1674 timorem
1104 1614 1210 1694 pariter

521 1705 561 1767 D.
580 1707 632 1787 qni
652 1718 681 1769 te
701 1709 788 1770 rectis
808 1726 844 1770 sc
863 1711 984 1772 sinceris

521 1804 639 1868 oblatio
659 1825 714 1868 nos
733 1806 812 1870 Dne.
832 1816 884 1870 tuo
904 1808 1016 1870 nomini
1036 1808 1164 1871 dicanda

501 1903 587 1965 *VD
608 1903 701 1966 Cuius
720 1905 779 1966 hoc
799 1905 953 1967 mirificum

523 2002 652 2085 Sumptis
673 2004 842 2067 muneribus
861 2003 939 2066 Dne.
959 2023 988 2084 q.
1010 2015 1043 2067 ut
1064 2024 1133 2068 cum

242 1587 299 1639 133.
312 1587 367 1640 134

239 2189 314 2243 οφ
454 2164 828 2229 Domnonoleciom'orum
841 2166 1481 2248 PrsiniQuorts'Sepisim'etDecsim'mensis.

238 2271 265 2322 Ρ·
279 2269 335 2321 ¹³⁴·
520 2283 724 2357 Anniversarii,
744 2282 846 2345 iratres
867 2283 1051 2359 dilectissimi,
1072 2285 1171 2346 ieiunii

522 2377 617 2464 [Illius
635 2383 747 2443 mensis
766 2383 873 2443 ieiunis
893 2384 925 2442 in
944 2379 1014 2466 hac]

241 2577 319 2629 cub,
644 2541 772 2628 [Mensis
791 2546 822 2605 iv
831 2545 917 2624 senis
938 2547 977 2606 ic.
1019 2544 1074 2606 Ad
1087 2545 1120 2607 S.
1140 2545 1285 2610 Martinus.

240 2657 335 2709 12134·
503 2659 559 2721 ιΟ.
580 2670 609 2721 et
628 2677 668 2720 sn.
688 2660 727 2720 D.
748 2670 816 2739 aptn
836 2679 892 2722 nos
911 2670 978 2722 tuae
999 2663 1140 2739 propitius

523 2758 572 2820 Da
591 2759 677 2820 nobis
696 2767 833 2834 mentem,
855 2759 930 2820 Dne
952 2778 1028 2838 quse
1048 2761 1099 2821 tibi
1118 2762 1156 2822 sit

505 2856 707 2918 *Solemnibns
727 2857 841 2918 ieiuniis
861 2859 993 2936 expiatos
1046 2845 1048 2847 ¹

526 2954 610 3030 Quos
630 2955 734 3016 ieiunia
755 2956 851 3015 votiva
870 2953 1025 3040 castigant]

782 3116 872 3177 Fm'a
892 3119 926 3178 vi
942 3119 983 3177 ad
1000 3116 1153 3196 Apostolos.

508 3231 567 3293 *Ut
587 3232 672 3294 nobis
692 3231 769 3293 Dne.
790 3241 971 3293 terrenorum
992 3230 1059 3312 (sic)
1078 3233 1194 3311 frugum

527 3327 645 3414 [sFinnt
665 3340 714 3390 tna
734 3331 828 3409 gratis
847 3330 924 3392 Dne.
944 3330 1119 3394 fructuosius
1139 3329 1221 3416 (sic)]

526 3429 565 3493 0.
586 3449 609 3491 s
628 3429 667 3490 D.
686 3431 738 3508 qui
758 3449 819 3491 non
840 3430 1045 3492 sacrificiorum

526 3529 633 3590 Annne
652 3547 681 3607 q.
701 3548 729 3591 ο.
749 3527 789 3588 D.
809 3538 842 3589 ut
863 3540 1111 3591 sacramentorum

525 3626 617 3688 Fideli
637 3625 747 3706 populo
768 3626 843 3686 Dne.
864 3628 1095 3689 misericordiam
1115 3639 1205 3689 tuam.

665 3790 787 3852 Subicio
806 3791 838 3850 in
859 3792 912 3852 xii
927 3791 1003 3850 Loci.
1025 3792 1067 3850 od
1084 3790 1117 3852 S.
1137 3792 1266 3853 Petrum.

505 3905 640 3967 *Praesta
659 3906 735 3968 Dne.
757 3926 787 3986 q.
806 3904 921 3966 famulis
941 3905 998 3966 tuis
1017 3905 1147 3984 talesque

524 4005 573 4067 Da
594 4005 679 4067 nobis
699 4005 775 4065 Dne.
797 4025 826 4085 q.
847 4022 970 4083 regnum
991 4014 1075 4065 tuum
1095 4004 1291 4086 iustitiamque

523 4105 562 4166 D.
582 4104 632 4184 qni
652 4122 707 4164 nos
728 4104 764 4165 de
784 4103 983 4182 praesentibus
1004 4104 1180 4164 adiumentis

524 4204 563 4264 D.
585 4205 634 4282 qui
654 4203 854 4264 misericordia
874 4212 924 4262 tua
943 4203 1094 4280 praevenis
1114 4221 1177 4262 non
1197 4213 1328 4282 petentes

525 4300 578 4386 [D.
599 4302 649 4381 qui
670 4321 732 4363 non
754 4302 880 4380 despicis
900 4301 989 4362 corde
1010 4297 1164 4382 contritos]

527 4399 578 4484 [D.
599 4403 649 4479 qui
669 4402 760 4461 tribus
780 4402 877 4479 pueris
897 4398 1049 4481 mitigasti]

525 4500 601 4560 Dne.
622 4497 660 4560 D.
681 4518 711 4559 n.
732 4499 783 4578 qui
804 4499 835 4557 in
855 4498 901 4558 his
920 4499 1018 4577 potius
1039 4500 1176 4560 creaturis

526 4599 680 4677 Sumptum
702 4618 730 4678 q.
750 4598 826 4660 Dne.
846 4598 1008 4659 venerabile
1028 4609 1240 4660 sacramentum

447 4756 451 4763 .
527 4697 660 4759 Proficiat
680 4698 758 4758 Dne.
780 4715 807 4775 q.
830 4698 914 4775 plebs
936 4697 986 4757 tibi
1007 4697 1111 4757 dicata.
