3352 5828
683 798 913 857 APPENDIX.

394 963 553 1026 Dosst'm'ca.
597 958 715 1047 [Siad'o]
735 963 778 1024 ad
795 960 828 1024 S.
848 962 1036 1023 Laurentium
1057 957 1100 1040 [in
1113 954 1210 1041 xxx}

354 1079 393 1154 Q.
415 1098 442 1140 o.
463 1078 502 1140 D.
522 1088 588 1140 vota
608 1079 761 1140 humilium
782 1079 892 1158 respice

354 1177 512 1258 Propitiare
532 1176 608 1239 Dne.
629 1177 752 1258 supplic.
772 1177 879 1238 nostris
899 1186 930 1237 et
949 1175 1114 1237 animarum

356 1276 477 1355 Suscipe
498 1295 526 1355 q.
547 1275 623 1338 Dne.
645 1276 753 1338 uosuis
773 1275 872 1337 oblata
892 1275 1014 1336 servitiis

335 1373 421 1434 *VD
443 1373 615 1454 Suppliciter
634 1391 756 1435 exorare
776 1384 810 1434 ut
830 1391 898 1434 eum
919 1372 1098 1432 abstinentia

356 1471 477 1533 Cunctis
498 1489 552 1533 nos
571 1471 648 1533 Dne.
668 1473 797 1533 reatibus

356 1570 524 1632 Subiectum
544 1571 595 1630 tibi
615 1569 759 1649 populum
778 1588 808 1649 q.
829 1569 905 1631 Dne.
925 1568 1090 1650 propitiatio

595 1710 686 1772 Fen'a
706 1713 732 1772 ii
749 1712 790 1772 ad
807 1708 842 1773 S.
861 1710 1009 1772 Marcum.

336 1826 499 1889 *Cordbus
520 1827 625 1889 nostris
645 1846 676 1907 q.
695 1826 772 1888 Dne.
794 1827 938 1906 benignus
958 1824 1078 1887 infunde

337 1925 505 1987 sconsam
524 1925 601 1987 Dne.
622 1925 762 1986 familiam
782 1935 864 1986 tuam
884 1925 970 1986 bonis

356 2023 467 2085 Munus
487 2025 567 2103 quod
587 2026 640 2086 tibi
659 2024 737 2085 Dne.
759 2035 876 2085 nostrae
896 2023 1042 2085 servitutis

356 2122 442 2197 Quos
463 2123 570 2184 ieiunia
589 2124 686 2185 votiva
706 2123 849 2202 castigant

356 2221 474 2283 Gratias
494 2222 545 2282 tibi
566 2221 670 2284 referat
689 2221 767 2283 Dne.
788 2219 878 2282 corde
900 2219 1031 2281 subiecto

565 2361 658 2424 Γαῖα
678 2364 716 2423 r's‘t'
732 2364 774 2422 od
791 2359 824 2423 S.
845 2360 1051 2422 Poieniianam.

357 2477 474 2539 Exaudi
494 2496 549 2540 nos
569 2494 599 2538 o.
620 2488 649 2539 et
670 2496 708 2540 m.
731 2477 769 2539 D.
790 2487 819 2538 et
839 2476 1035 2540 continentiae

357 2576 538 2655 Prosequere
558 2594 587 2638 o.
609 2575 647 2636 D.
668 2576 842 2637 ieiuniomm

359 2673 417 2735 Per
436 2673 509 2735 haec
528 2674 625 2735 veniat
645 2693 674 2754 q.
694 2672 772 2734 Dne.
793 2684 975 2737 sacramenta

361 2772 456 2834 Sacris
477 2772 553 2833 Dne.
574 2772 717 2850 mysteriis
737 2772 846 2852 expiati

360 2871 501 2934 Concede
522 2889 561 2931 m.
581 2869 619 2930 D.
640 2881 673 2931 ut
692 2870 814 2932 devotus
834 2872 886 2932 tibi
907 2869 1033 2950 populus

609 3009 700 3070 Feria
720 3012 750 3071 io
770 3012 811 3070 cd
828 3010 860 3072 S.
882 3009 1011 3073 Saleium·

360 3124 480 3186 Praesta
500 3143 529 3204 q.
553 3125 638 3185 nobis
658 3124 736 3185 Dne.
757 3136 790 3186 ut
810 3125 983 3186 salutaribus

340 3223 396 3283 eD.
417 3222 545 3302 quinos
566 3221 693 3284 formam
713 3223 902 3285 humilitatis²

359 3317 496 3403 [Suscipe
519 3338 549 3399 q.
569 3319 645 3381 Dne.
666 3339 768 3399 preces
787 3321 890 3400 populi
910 3322 952 3382 tui
972 3339 1040 3381 cum
1061 3320 1121 3381 obi

361 3419 527 3479 Sanctificet
547 3437 602 3479 nos
622 3417 699 3477 Dne.
722 3436 780 3496 qua
800 3419 875 3495 pasti
895 3436 998 3478 sumus

358 3511 492 3572 Defende
514 3511 589 3575 Dne.
612 3511 753 3572 familiam
774 3521 855 3572 tuam
876 3522 905 3572 et
925 3506 1003 3594 toto]

474 3649 576 3735 [Fene
597 3671 615 3712 v
635 3651 677 3711 od
696 3649 754 3712 SS.
777 3650 906 3713 Cosmum
927 3660 954 3711 et
972 3649 1158 3711 Damonem.

340 3767 406 3829 *Da
425 3785 454 3846 q.
476 3766 551 3828 Dne.
572 3784 625 3828 rex
645 3776 762 3828 uterne

359 3866 443 3927 Deus
463 3867 513 3945 qui
533 3867 719 3944 peccantium
740 3866 855 3928 animas

360 3963 443 4025 Deus
464 3964 500 4023 de
521 3964 604 4024 cuius
624 3965 735 4040 gratiae
756 3981 821 4025 rore

362 4061 542 4123 Sacramenti
562 4062 604 4122 tui
624 4061 702 4123 Dne.
723 4061 889 4123 veneranda

362 4159 502 4222 Concede
523 4178 551 4239 q.
571 4180 600 4222 o.
620 4159 659 4221 D.
681 4170 714 4221 ut
733 4161 785 4240 qui
805 4156 1009 4243 protectionis]

474 4297 576 4383 [ch
595 4303 630 4362 ut'
645 4303 687 4360 ad
705 4299 737 4363 S.
758 4301 946 4362 lauressam
966 4303 1008 4361 od
1030 4299 1159 4382 Triuiii'.

363 4417 477 4478 Ieiunia
497 4427 595 4478 nostra
615 4437 644 4497 q.
665 4417 742 4479 Dne.
763 4417 893 4495 benigno

345 4515 474 4576 *Adesto
494 4516 581 4576 nobis
601 4533 630 4593 q.
651 4535 679 4578 o.
702 4515 740 4576 D.
762 4526 791 4576 et
811 4534 863 4594 per
883 4514 1023 4576 ieiunium

366 4613 491 4692 Respice
512 4613 586 4675 Dne.
607 4614 751 4694 propitius
771 4614 810 4674 ad
830 4633 951 4675 munera
971 4632 1046 4693 quae
1067 4631 1215 4675 muamus

364 4712 464 4772 Huius
484 4730 539 4772 nos
558 4712 633 4772 Due
656 4713 805 4791 perceptio
825 4713 999 4773 sacramenti
1019 4712 1139 4774 mundet

366 4809 502 4871 Gaudeat
522 4810 597 4871 Dne.
617 4828 647 4889 q.
667 4810 795 4889 populus
814 4820 882 4871 tuus
902 4828 1019 4888 semper

295 4921 305 4952 ¹
322 4921 1365 4988 Onlytheiirstwordsoithiscollectarenowinthichisdeiectiveatthis

263 4989 665 5132 ''iimi'i'ssiiiiffi
675 4990 878 5109 uuas..
898 5055 927 5108 οι
943 5056 968 5109 s.
986 5054 1110 5108 nn...
1127 5056 1167 5106 u.
1187 5055 1295 5108 m..-
1312 5071 1365 5108 ...

264 5120 357 5173 known
367 5135 396 5174 ss
407 5119 525 5173 ‘Titulus
535 5119 660 5173 Lucinae!
