3352 5828
197 743 218 796 1.
231 762 269 809 ev,
283 744 344 811 aa]
411 768 416 777 ·
508 744 722 802 ROMANAE
741 745 985 804 nccnnsrnn.
1231 749 1293 822 ¹59

714 1015 782 1075 (Ν.

370 1145 466 1210 Irnn
488 1159 698 1212 ommonns
720 1160 772 1210 an
795 1159 925 1212 russas
947 1160 1126 1227 musnan.

241 1283 305 1361 Da,
320 1304 527 1367 quaeaumus,
545 1284 698 1363 Domine,
713 1282 856 1348 famulae
876 1294 961 1363 tuae,
976 1305 1077 1368 quam
1097 1284 1294 1368 virginitatis

196 1385 321 1452 honore
336 1388 491 1471 dignatus
510 1408 545 1453 ea
562 1388 725 1465 decorare,
739 1387 886 1453 inchoati
901 1389 1010 1472 operis
1027 1398 1294 1454 consummatum

188 1490 370 1568 ,effectum
391 1500 426 1557 et
447 1500 483 1556 ut
506 1491 682 1577 perfectam
703 1491 766 1556 tibi
787 1489 907 1557 offerat
929 1491 1180 1576 plenitudinem,
1200 1492 1295 1557 initia

198 1615 258 1659 sua
276 1595 453 1680 perducere
469 1605 632 1662 mereatur
647 1596 690 1661 ad
705 1593 815 1661 finem.
860 1596 933 1660 Per.
956 1623 977 1679 γ

124 1782 183 1840 632
672 1777 818 1834 amne.

242 1889 373 1957 Oblatis
396 1890 523 1968 hostiis,
547 1890 702 1970 Domine,
725 1909 933 1972 quaesumus,
960 1890 1125 1975 praesenti
1153 1887 1295 1955 famulae

197 2005 274 2060 tuae
288 1994 562 2079 perseverantiam
583 2002 763 2076 perpetuae
777 1994 973 2077 virginitatis
995 1994 1212 2059 accommoda
1227 2015 1236 2073 ;
1257 2002 1295 2058 ut

197 2097 319 2181 apertis
339 2097 444 2161 ianuis
466 2096 587 2162 summi
607 2096 710 2181 Regis
730 2098 874 2162 adventu
891 2117 967 2162 cum
985 2096 1114 2163 laetitia
1133 2105 1296 2163 mereatur

198 2203 329 2267 intrare.
376 2202 454 2266 Per.
477 2229 497 2285 γ

592 2321 691 2380 Intra
711 2321 892 2379 actionem.

242 2435 341 2500 Hanc
367 2435 469 2518 igitur
491 2434 694 2501 oblationem
717 2434 861 2500 famulae
887 2445 964 2500 tuae
986 2433 1093 2512 Illiro,
1111 2454 1213 2519 quam
1235 2435 1296 2500 tibi

199 2538 296 2605 offert
319 2540 365 2604 ob
390 2539 479 2603 diem
500 2537 619 2604 natalis
639 2540 699 2615 sui,
720 2540 753 2603 in
774 2559 841 2623 quo
863 2560 937 2605 eam
959 2537 1019 2604 tibi
1041 2539 1179 2614 socians,
1203 2559 1296 2606 sacro

198 2642 362 2709 velamine
384 2651 558 2726 protegere
579 2642 735 2727 dignatus
755 2663 799 2722 es,
821 2662 1029 2726 quaesumus,
1051 2642 1204 2719 Domine,
1220 2664 1296 2728 pro·

201 2747 337 2831 pitiatus
352 2745 530 2825 sanctifica,
546 2757 583 2812 ut
602 2747 665 2813 tibi
684 2746 830 2812 Domino
851 2766 890 2810 ac
914 2743 1047 2830 Sponso
1069 2766 1131 2811 suo
1151 2747 1295 2812 venienti

201 2870 278 2915 cum
294 2849 449 2933 lampade
459 2847 543 2915 suo¹
554 2849 798 2935 inextinguibili
813 2850 974 2935 placitura
988 2870 1156 2916 occurrere
1171 2871 1296 2916 merea·

201 2964 266 3018 tur.
310 2953 379 3017 Per.

623 3037 871 3094 Pontoommun

245 3149 397 3233 Respice,
414 3148 566 3228 Domine,
581 3148 725 3215 famulae
742 3159 820 3215 tuae
840 3149 899 3215 tibi
920 3151 1068 3215 debitam
1084 3148 1296 3228 servitutem3
1322 3161 1362 3214 cs.
1373 3161 1452 3214 taen.

201 3262 238 3317 ut
263 3254 347 3316 inter
371 3252 536 3318 humanae
558 3252 745 3336 fragilitatis
768 3254 902 3330 incerta,
924 3252 1021 3317 nullis
1043 3253 1298 3319 adversitatibus
1322 3241 1380 3294 ⁴⁰⁵·

200 3356 414 3441 opprimatur,
429 3376 515 3439 quae
530 3358 572 3420 de
587 3366 645 3421 tua
662 3356 866 3441 protectione
881 3355 1027 3421 confidit.
1071 3356 1149 3420 Per·
1165 3382 1186 3438 γ

421 3501 429 3530 ¹
445 3515 498 3562 suo,
509 3515 538 3550 co
548 3500 580 3551 V.
592 3499 846 3566 (ungramrnatioally,
857 3515 885 3551 u
895 3500 922 3549 in
932 3499 972 3550 cvi
983 3498 1075 3564 idm).

704 3768 792 3825 (NI.

542 3899 636 3963 lanu
660 3912 750 3962 nun
774 3910 952 3965 musban.

245 4033 346 4114 Deus,
360 4036 522 4102 castitatis
541 4044 672 4101 amator
690 4045 724 4100 et
746 4035 969 4101 continentiae
984 4043 1202 4113 conservator,
1222 4054 1300 4119 sup·

201 4140 413 4224 plicationem
443 4150 588 4205 nostram
617 4140 781 4222 benignus
810 4140 943 4220 exaudi,
969 4149 1002 4204 et
1027 4139 1113 4204 hanc
1139 4137 1299 4204 famulam

201 4255 294 4310 tuam
310 4245 470 4329 propitius
482 4245 627 4321 intuere3
650 4252 685 4309 et
696 4264 782 4327 quae
798 4264 858 4327 pro
873 4245 993 4308 timore
1005 4253 1063 4308 tuo
1075 4237 1300 4311 continentiae

202 4350 395 4432 pudicitiam
418 4348 509 4413 vovit
528 4357 588 4413 tuo
606 4348 733 4414 auxilio
754 4357 973 4426 conservetur,
995 4356 1032 4413 ut
1054 4349 1298 4432 sexagesimum

200 4451 341 4517 fructum
357 4453 577 4518 continentiae
587 4453 691 4518 vitam
707 4463 887 4531 aeternam,
899 4463 933 4518 te
947 4452 1118 4536 largiente,
1128 4453 1298 4537 percipiat

203 4555 275 4620 Per.

673 4638 820 4695 semem

247 4750 397 4828 Munera,
416 4771 625 4834 quaesumus,
648 4751 806 4829 Domine,
829 4750 974 4815 famulae
995 4759 1029 4814 et
1051 4761 1200 4815 sacratae
1221 4761 1299 4815 tuae

200 4853 308 4932 Illius,
319 4875 405 4938 quae
419 4856 478 4919 tibi
493 4856 537 4920 ob
552 4850 820 4920 consecratione¹
836 4854 885 4918 sui
900 4853 1046 4937 corporis
1061 4851 1189 4930 offert²‚
1201 4854 1299 4917 simul

201 4958 244 5023 ad
289 4960 360 5023 eius
405 4960 534 5024 animae
574 4956 726 5024 medela¹
767 4956 949 5043 proficiant.
1017 4957 1080 5021 Per
1118 4956 1298 5022 Dominum

202 5072 361 5128 nostrum.
