3352 5828
242 771 264 824 1.
275 769 348 836 zen]
549 769 763 826 ROMANAE
783 768 1028 827 ECCLESIAE.
1273 771 1335 842 145

287 932 510 1000 Subdiaconns
537 953 637 1016 quum
665 932 848 1012 ordinatur,
873 933 953 1016 quia
982 930 1173 998 manuum⁸¹
1205 931 1335 1016 imposi-

242 1038 361 1103 tionem
378 1058 440 1103 non
449 1036 571 1120 accipit,
575 1047 732 1122 patenam
746 1037 787 1102 de
796 1058 898 1103 manu
906 1035 1040 1122 episcopi
1047 1037 1185 1118 accipiat
1197 1055 1336 1100 vacum

240 1149 276 1204 et
305 1141 434 1207 calicem
464 1162 620 1206 uantum.-
652 1140 693 1207 de
721 1161 823 1206 manu
848 1161 925 1206 vero
951 1139 1174 1206 archidiaconi
1199 1137 1338 1223 acceptat

240 1244 401 1311 urceolum
414 1266 488 1310 cum
502 1266 596 1329 aqua,
609 1256 643 1309 et
652 1241 679 1284 ⁸²
697 1245 911 1329 aquamanili,
925 1266 964 1309 ae
980 1244 1182 1327 manutergio
1191 1241 1225 1308 ⁸⁸.

284 1365 437 1448 Acolytus
457 1388 555 1450 quum
576 1365 760 1441 ordinatur,
778 1366 819 1431 ab
839 1368 977 1449 episcopo
998 1365 1127 1448 quidem
1147 1358 1335 1430 doceatur8⁴

242 1469 383 1553 qualiter
407 1490 441 1534 se
466 1471 502 1536 in
530 1469 667 1555 ιζίγῐιίο86
695 1490 753 1536 suo
782 1489 880 1552 agere
907 1469 1039 1534 deleat.-
1070 1466 1130 1534 scd
1155 1466 1197 1532 ab
1226 1465 1334 1533 arclei·

242 1571 409 1639 diacono⁸⁸
435 1574 571 1655 accipiat
593 1574 825 1657 ceroferarium
847 1593 922 1638 cum
947 1593 1042 1651 cereo,
1067 1582 1106 1636 ut
1125 1572 1211 1637 sciat
1235 1591 1269 1636 se
1291 1569 1340 1636 aa'

242 1677 441 1744 accendenda
477 1678 657 1744 luminaria
696 1676 843 1744 ecclesias
885 1678 1090 1761 mancipari:
1134 1675 1271 1760 accipiat
1304 1683 1339 1740 et

242 1782 402 1847 urceolum
431 1803 566 1847 vaecuem
595 1781 642 1846 ael
666 1782 902 1866 suggerendum
931 1781 1045 1846 uenum
1075 1781 1111 1846 in
1139 1778 1338 1846 ncclearistia

242 1888 382 1971 corporis
399 1886 531 1955 Christi.

285 2008 462 2074 Exorcista
489 2027 588 2091 quum
617 2005 802 2084 ordinatur,
826 2004 970 2091 'accipiat
999 2005 1039 2071 de
1067 2026 1169 2072 manu
1204 2005 1339 2089 episcopi

242 2110 383 2177 libellum
399 2114 434 2178 in
449 2132 511 2196 quo
526 2111 640 2195 scripti
652 2120 732 2175 sunt
743 2111 922 2184 exorcismi,
937 2108 1060 2175 dicmte
1072 2109 1138 2175 sibi
1152 2110 1288 2193 episcopo
1298 2130 1311 2172 .·

286 2233 414 2318 Accipe
428 2242 463 2297 et
478 2232 675 2298 commenda
686 2227 723 2307 θ’,
738 2240 773 2296 et
787 2230 911 2296 habeto
927 2238 1129 2315 potestatem
1144 2228 1338 2313 imponendi

244 2356 380 2401 manum
392 2335 419 2376 ⁸⁸
442 2356 541 2421 super
561 2354 830 2419 energumenum,
845 2336 916 2399 sive
935 2333 1142 2419 baptizatum
1162 2333 1232 2399 sive
1248 2339 1338 2398 cate·

244 2440 488 2525 chumenum.y

287 2561 404 2626 Lector
417 2583 516 2645 quum
530 2562 713 2640 ordinatur,
729 2563 843 2646 saciat
855 2562 895 2626 de
917 2561 973 2626 illo
985 2560 1011 2600 ⁸⁹
1028 2562 1160 2626 verbm
1179 2562 1339 2644 episcopus

245 2664 292 2729 ael
296 2665 429 2750 plebem,
441 2666 588 2732 indicans
601 2667 671 2733 esus
678 2664 783 2752 fidem
794 2663 824 2705 ⁴⁰
838 2677 934 2750 atque
945 2667 1117 2751 ingenium
1159 2663 1242 2730 Post
1254 2663 1339 2743 haec,

245 2779 405 2852 spectante
412 2766 439 2807 ⁴¹
456 2770 554 2853 plebe,
580 2771 695 2836 tradat
717 2772 751 2835 ei
776 2770 912 2835 codicem
934 2768 975 2834 de
1002 2791 1064 2852 quo
1084 2768 1225 2834 lectum
1244 2766 1339 2844 est⁴¹,

245 2872 355 2937 ductes
368 2872 415 2937 ael
425 2894 498 2938 eum
508 2872 553 2938 ⁴⁸:

290 2992 417 3076 Accipe
435 3003 468 3058 et
486 3001 558 3058 esto
574 2993 666 3057 verbi
691 2993 755 3058 Dei
769 2991 899 3069 relator,
915 2993 1087 3058 habiturus
1096 2989 1135 3070 ⁴⁴,
1152 2991 1179 3058 si
1199 2990 1341 3056 fideliter

245 3105 280 3160 et
296 3096 418 3160 utiliter
432 3097 617 3180 impleveris
636 3096 791 3174 officium,
807 3105 935 3178 partem
958 3116 1033 3161 cum
1053 3095 1104 3160 his
1125 3095 1183 3179 qui
1198 3096 1338 3161 verbum

223 3252 226 3256 .
248 3199 312 3264 Dei
328 3200 596 3265 ministraverunt
604 3196 641 3265 ⁴⁶.
657 3224 676 3281 γ

292 3320 460 3386 Ostearius
478 3342 576 3403 quum
594 3319 776 3401 ordinatur,
790 3331 965 3405 postquam
986 3319 1027 3384 ab
1048 3318 1273 3385 archs'diacono
1287 3321 1340 3384 in·

245 3433 388 3488 structus
398 3425 512 3507 ficeret
531 3423 673 3507 qualiter
694 3425 730 3490 in
751 3425 845 3489 donn
865 3424 935 3488 Dei
953 3422 1067 3487 debeat
1084 3423 1280 3497 conversari,
1294 3421 1344 3486 ad

244 3523 509 3610 suggestionem⁴⁸
519 3526 743 3594 archidiaconi
752 3526 906 3592 tradatei
916 3528 1075 3610 episcopus
1082 3524 1341 3591 clavesecclesiae

228 3665 231 3673 ·
244 3631 284 3695 de
297 3631 406 3708 altari,
420 3630 528 3695 docens
540 3631 573 3695 ei
580 3627 608 3669 ‘⁷
619 3653 632 3694 .·

289 3749 345 3817 Sic
368 3770 431 3835 age
456 3752 552 3835 quasi
576 3750 763 3815 redditurus
788 3750 864 3815 Deo
892 3751 1055 3817 rationem
1081 3770 1143 3835 pro
1166 3749 1217 3814 his
1239 3748 1340 3814 rebus

245 3875 332 3938 quae
341 3854 368 3894 ⁴⁸
384 3854 455 3920 istis
469 3854 617 3921 clavibus
632 3853 855 3920 recluduntur.
870 3881 891 3936 γ

289 3975 477 4054 Psalmista,
488 3975 527 4040 id
537 3984 588 4041 est
598 3983 721 4054 cantu,
735 3971 764 4013 ⁴⁹
766 3983 875 4059 potest
886 3975 1004 4059 absque
1012 3975 1148 4041 scientia
1157 3974 1184 4014 ⁵⁰
1198 3975 1340 4057 episcopi,

246 4079 315 4144 sola
337 4080 474 4145 iussione
485 4078 673 4164 presbyteri,
696 4078 835 4164 officium
855 4080 1014 4163 suscipere
1031 4078 1195 4156 cantandi,
1219 4077 1341 4145 dicente

246 4183 520 4268 sibipresbytero:

289 4307 379 4372 Vide
400 4314 436 4371 ut
458 4307 547 4392 quod
569 4326 626 4372 ore
648 4316 772 4384 cantas,
795 4307 895 4372 corde
918 4306 1043 4383 credas,
1067 4314 1101 4370 et
1124 4304 1215 4389 quod
1239 4307 1341 4373 corde

247 4411 354 4478 credis
371 4412 524 4495 operibus
538 4412 668 4496 probes.
685 4438 706 4494 γ

293 4530 595 4597 Sanctimonialis⁶¹
613 4533 707 4614 virgo
728 4551 829 4614 quum
846 4530 895 4595 ad
913 4530 1181 4595 consecrationem
1203 4529 1259 4593 sui
1277 4529 1342 4611 epi·

247 4633 370 4719 scopo⁶⁸
381 4634 525 4718 offertur,
535 4637 570 4701 in
587 4635 705 4701 tolibsu
715 4633 858 4700 vestibeus
867 4633 1053 4719 applicetur,
1063 4633 1343 4717 qualibussenper

247 4759 351 4804 usura
364 4750 421 4817 est,
428 4739 624 4823 professioni
639 4747 673 4804 et
683 4739 916 4804 sanctimoniae
930 4737 1025 4820 apn‘s.

279 4899 833 4951 ¹Tbissectioncontrins0ertrineencnlcel
931 4895 1342 4960 tionsontherubiectoloxdiw

246 4967 307 5025 tlon,
325 4967 449 5017 amcted
464 4966 528 5016 from
544 4975 594 5016 two
611 4966 763 5027 docmate,
780 4966 827 5016 vic
846 4964 874 5030 (a
903 4963 947 5015 the
964 4964 1037 5015 letter
1054 4962 1084 5014 ol
1096 4963 1166 5029 Pope
1178 4961 1297 5041 'Zoeimns
1314 4968 1343 5013 to

248 5032 390 5097 Hesychius
407 5032 437 5082 oi
450 5031 557 5091 Selom
582 5032 622 5094 (l).
637 5031 680 5083 the
698 5047 790 5083 anons
809 5030 901 5081 known
921 5046 950 5081 u
968 5030 1071 5080 Statua
1088 5029 1211 5080 &cussa
1226 5029 1342 5094 utrque.

246 5097 388 5150 sometimes
399 5097 480 5149 called
491 5098 561 5149 those
572 5097 601 5149 oi
609 5097 651 5148 the
663 5096 759 5149 fourth
770 5095 878 5148 Comcll
888 5094 919 5148 ol
931 5094 1065 5161 Cmbnge.
1097 5093 1152 5146 Tbe
1162 5094 1253 5146 former
1267 5094 1342 5144 docu-

785 5196 808 5246 1.
