3352 5828
293 405 337 477 54
576 400 703 457 LIBER
724 400 1112 459 SACRAMENTORUM
1266 400 1299 468 [i.
1309 416 1388 454 xxxv.

294 564 331 628 in
365 579 469 628 unum
500 562 680 629 Dominum
714 564 824 629 Iesum
863 559 1034 631 Chm’stum
1076 564 1201 631 Filium
1283 563 1350 630 Dei

308 665 360 732 his
389 685 453 732 ena
527 666 658 749 Kyrion
739 665 815 732 ihm
913 668 999 749 Xpm
1083 668 1197 734 tonion
1237 677 1275 734 tu
1311 668 1391 734 theu

356 788 562 870 unigenitum
689 787 730 853 de
756 786 863 854 Patre
996 798 1113 854 natum
1167 797 1243 855 ante
1270 790 1381 855 omnia

295 901 355 958 ton
386 890 585 976 monogenin
614 899 673 956 ton
700 900 801 958 ectu
828 898 943 977 patros
972 893 1143 976 genitenta
1170 912 1232 977 pro
1264 903 1391 977 panton

319 1011 447 1078 saecula
488 1011 597 1077 umen
610 1010 788 1078 delumine
828 1012 937 1077 Deum
959 1031 1073 1077 verrem
1094 1013 1133 1078 de
1147 1012 1216 1078 Deo
1280 1034 1357 1078 vero

297 1122 357 1181 ton
372 1135 481 1181 eonon
547 1116 597 1181 sos
618 1135 656 1181 ec
674 1114 761 1181 fotos
836 1116 938 1182 theon
958 1115 1075 1181 alithin
1093 1136 1131 1182 ec
1146 1115 1226 1182 theu
1251 1115 1391 1184 alithinu

335 1246 451 1302 natum
504 1235 708 1317 nonfurtum
731 1235 1034 1303 coruubstantialem
1066 1238 1185 1303 Patris
1222 1247 1393 1323 perquem

299 1340 492 1424 genithenta
509 1339 708 1424 upyithenta
797 1327 973 1426 omoysion
1061 1349 1099 1408 tu
1114 1340 1200 1426 patri
1283 1342 1393 1408 diuta-

299 1462 516 1546 omniasaeta
529 1470 608 1527 sunt
636 1459 835 1546 quipropur
847 1483 905 1527 nas
981 1459 1126 1528 homines
1215 1471 1249 1527 et
1252 1470 1388 1548 propter

300 1574 403 1651 panta
422 1575 612 1648 egenonton
653 1575 710 1631 ton
726 1564 760 1630 di
776 1563 883 1630 himas
928 1574 983 1631 tus
997 1565 1179 1652 antrophus
1197 1565 1263 1631 kae
1276 1567 1332 1631 dia
1346 1566 1394 1631 tin

319 1695 466 1752 suestram
525 1684 665 1750 salutem
716 1683 954 1751 descendentem
1057 1684 1098 1750 de
1198 1686 1297 1753 caeles
1355 1695 1389 1751 et

298 1788 483 1855 himeteran
526 1788 669 1854 soterian
743 1786 932 1856 kateltonta
1006 1809 1044 1854 ec
1087 1798 1146 1855 ton
1187 1808 1315 1856 uranon
1352 1790 1396 1874 ke

299 1911 509 1976 incarnatum
549 1908 591 1975 de
615 1908 746 1993 Spiritu
767 1918 878 1993 sancta
940 1918 974 1975 et
992 1909 1115 1975 Mareia
1248 1910 1378 1994 virgine

298 2022 487 2080 sarcotenta
530 2032 712 2096 ecpneuma
738 2022 791 2078 tos
816 2012 893 2098 agiu
921 2011 985 2079 kae
1011 2013 1135 2080 Marias
1160 2013 1204 2080 tis
1229 2025 1395 2098 pantenu

320 2145 355 2201 et
407 2132 625 2202 humanatum
699 2132 894 2218 cruxifixum
955 2134 1056 2199 etiam
1080 2145 1146 2218 pro
1200 2135 1293 2200 nobis
1337 2136 1396 2203 sub
1410 2143 1468 2200 541

298 2237 362 2304 kae
394 2237 657 2321 inantropisanta
689 2237 920 2305 staurotentha
977 2238 1022 2303 de
1050 2259 1134 2322 yper
1185 2237 1300 2304 himon
1342 2239 1395 2323 epi
1466 2306 1467 2309 ,

297 2359 419 2424 Pontia
445 2357 560 2424 Pilato
602 2367 634 2421 et
674 2367 811 2441 passum
868 2367 903 2423 et
925 2357 1086 2442 sepultum
1132 2367 1164 2422 et
1178 2368 1397 2442 resurgentem

299 2463 415 2546 pontio
450 2461 555 2546 pilatu
581 2459 645 2525 kae
666 2461 830 2545 pathonta
859 2460 923 2527 kae
948 2470 1083 2546 tapenta
1112 2462 1176 2526 kae
1211 2470 1387 2528 anastenta

301 2583 399 2648 terrm
448 2582 503 2648 die
550 2581 724 2647 secundum
753 2583 935 2666 scripturas
995 2590 1029 2647 et
1048 2581 1266 2648 ascendentem
1316 2583 1354 2648 in

300 2685 397 2752 titriti
409 2684 538 2751 himera
604 2686 685 2752 kata
751 2693 804 2751 tas
818 2684 963 2771 graphas
983 2684 1048 2751 kae
1062 2683 1257 2750 anelthonta
1276 2684 1329 2751 his
1342 2694 1397 2750 tus

311 2805 410 2872 caelis
483 2816 517 2872 et
528 2804 686 2872 sedentem
768 2805 815 2870 ad
831 2806 998 2872 dexteram
1056 2805 1175 2871 Patris
1228 2815 1262 2870 et
1279 2807 1398 2871 iterum

303 2929 423 2974 uranus
446 2907 510 2975 kae
528 2910 745 2975 katezomeno
807 2929 849 2973 en
871 2909 973 2975 dexia
1031 2917 1068 2973 tu
1090 2918 1204 2994 patros
1226 2908 1291 2974 kae
1309 2909 1399 2992 palin

314 3039 490 3095 venturum
531 3050 604 3094 cum
627 3029 739 3114 gloria
771 3029 918 3095 inde'care
953 3028 1045 3094 vivos
1081 3038 1114 3093 et
1136 3037 1278 3094 mortuas
1308 3031 1399 3094 cuius

304 3152 501 3198 ercomenon
527 3143 618 3198 meta
643 3133 741 3198 doxis
796 3133 885 3196 crine
939 3140 1054 3197 zontas
1083 3132 1146 3197 kae
1161 3152 1277 3196 necrus
1320 3131 1385 3196 vtis

327 3253 423 3336 regni
451 3253 592 3318 mnerit
611 3251 698 3338 fines
752 3263 786 3318 et
799 3253 835 3318 in
851 3252 1019 3336 Spiritum
1055 3261 1203 3317 sarnetum
1221 3237 1399 3317 Daminnm

305 3356 441 3421 basilias
453 3376 493 3420 vc
508 3356 594 3422 estin
605 3356 713 3422 thelos
725 3355 790 3420 kae
799 3355 888 3421 histo
899 3374 1042 3440 pneuma
1052 3363 1089 3419 to
1099 3354 1198 3438 agion
1209 3365 1270 3421 ton
1281 3354 1400 3439 kyrion

305 3486 340 3542 et
353 3475 588 3560 vivificatorem
680 3476 831 3541 etPatre
960 3474 1181 3557 procedentem
1253 3477 1400 3558 quicum

332 3579 397 3646 kae
411 3599 566 3663 zoopyon
612 3589 671 3644 ton
685 3599 723 3644 ec
737 3590 775 3645 tu
790 3587 903 3664 patros
924 3597 1226 3662 emporegomenon
1255 3589 1313 3645 ton
1329 3599 1391 3662 syn

306 3700 412 3766 Patre
445 3710 479 3765 et
490 3698 577 3766 Filia
645 3699 748 3765 simul
821 3698 995 3766 adoratum
1048 3708 1082 3763 et
1126 3697 1401 3784 carrglareficatum

313 3805 400 3891 patri
427 3803 493 3869 kae
508 3803 589 3888 yion
623 3824 764 3889 synpros
799 3803 1015 3888 kynumenon
1037 3801 1100 3868 kae
1116 3823 1178 3886 syn
1193 3804 1401 3869 doxazomen

305 3928 366 4012 qui
377 3925 500 3992 lometus
511 3935 562 3991 est
627 3925 869 4011 perpraphetas
940 3925 977 3991 in
992 3945 1092 3989 unam
1125 3933 1272 3990 sanctam
1293 3923 1401 3991 catho-

359 4029 515 4096 tolalesas
592 4030 649 4095 dia
663 4037 721 4095 ton
735 4029 917 4116 prophiton
938 4029 989 4094 his
1004 4028 1093 4093 mian
1140 4029 1238 4113 agian
1285 4030 1401 4095 catho-

305 4150 403 4216 licam
437 4160 471 4216 et
482 4148 688 4234 apostolicam
724 4149 888 4216 ecclesiam
937 4147 1090 4240 confitear
1112 4168 1213 4214 unum
1235 4147 1395 4233 baptisma

306 4252 385 4326 licin
425 4253 491 4319 kae
505 4253 702 4338 apostolicin
741 4253 883 4319 eclesian
933 4252 1091 4337 omologo
1141 4273 1182 4317 en
1236 4253 1403 4338 baptisma

308 4373 600 4439 inremissionem
650 4383 855 4457 peccatorum
946 4382 1036 4457 spero
1140 4374 1402 4438 resurrectionem

358 4476 410 4541 his
438 4477 552 4561 apesin
667 4477 831 4542 amartion
913 4476 1081 4561 prosdogo
1200 4485 1333 4542 anastas

308 4607 508 4664 mantuanum
529 4607 563 4664 et
576 4599 680 4663 vitam
714 4599 836 4682 futuri
910 4595 1031 4662 saeculi
1103 4595 1218 4660 Amen.

317 4702 368 4767 sin
383 4721 506 4767 necron
527 4700 592 4767 kae
607 4702 682 4768 zoin
696 4700 853 4768 tumulos
867 4709 922 4768 tos
936 4719 1056 4766 aeonas
1100 4699 1212 4765 Amin.
