3352 5828
691 820 920 882 APPENDIX.

676 987 765 1048 Altos
780 986 935 1049 Orationes.

362 1110 478 1174 Gratias
497 1111 610 1191 agimus
629 1111 706 1173 Due.
727 1109 942 1193 multiplicatis]

364 1210 481 1272 Praesta
500 1230 529 1291 q.
550 1230 578 1274 o.
598 1209 635 1271 D.
656 1221 689 1272 ut
709 1212 812 1272 beatus
833 1210 997 1291 Stephanus

363 1309 446 1372 Deus
466 1310 516 1391 qui
535 1328 591 1372 uos
609 1308 758 1389 Unigeniti
778 1310 819 1371 tui
840 1309 996 1373 clementer

445 1474 558 1538 vr'Kol.
571 1474 637 1538 Ian.
666 1475 775 1538 Natat
787 1474 820 1538 S.
834 1474 953 1536 Ioannis
965 1474 1173 1555 Evangelr‘stae.

347 1598 447 1662 *Deus
466 1601 518 1680 qui
537 1619 589 1680 per
608 1619 643 1662 os
662 1601 692 1662 b.
711 1599 847 1680 Apostoll

365 1699 528 1761 Ecclesiam
549 1709 628 1762 tuam
648 1699 724 1761 Due.
745 1700 890 1779 benignus
909 1699 1019 1760 illustra

367 1798 490 1878 Suscipe
509 1798 584 1860 Dne.
603 1816 726 1859 munera
744 1816 821 1878 quae
841 1798 872 1859 in
892 1799 954 1860 eius

348 1896 432 1958 *VD
451 1896 533 1958 Beati
553 1896 688 1977 Apostoli
709 1897 750 1958 tui
770 1905 799 1958 et
819 1897 1014 1977 evangelistae

367 1996 480 2058 Reiecti
500 1997 567 2058 cibo
587 2006 716 2080 potuque
737 1995 835 2058 celesti

367 2095 453 2156 Adsit
472 2095 611 2157 ecclesiae
631 2104 699 2157 tuae
718 2093 794 2157 Due.
816 2113 846 2174 q.
866 2096 896 2157 b.
916 2095 1093 2174 evangelista

686 2261 774 2322 Aoos
789 2260 944 2323 Orationes

351 2385 451 2447 eDeus
470 2388 521 2466 qui
541 2387 570 2448 b.
590 2386 711 2448 loannis
730 2386 923 2465 evangelistae

370 2485 491 2547 Praesta
510 2504 540 2565 q.
561 2502 590 2546 o.
610 2484 649 2545 D.
669 2495 702 2547 ut
721 2485 921 2547 excellentiam

547 2651 650 2714 vKol.
664 2650 730 2713 Ion
766 2651 873 2714 Natole
885 2649 1092 2712 senectutem&

375 2775 457 2838 Deus
478 2778 561 2839 cuius
579 2776 720 2838 hodierna
740 2776 787 2838 die
806 2776 994 2856 praeconium

375 2876 457 2937 Deus
476 2878 527 2955 qui
546 2877 632 2938 bonis
650 2877 708 2937 tuis

375 2975 488 3037 Adesto
507 2975 583 3039 Dne.
602 2975 774 3036 muneribus
791 2974 986 3035 Innocentum
1006 2973 1156 3035 festivitate

358 3073 441 3136 eVD.
464 3073 600 3136 Pretiosis
620 3073 711 3155 (euim
725 3071 776 3154 R.)
797 3073 939 3134 mortibus

376 3170 482 3233 Votiva
501 3171 578 3233 Dne.
598 3172 678 3233 dona
697 3171 881 3251 percepimus

359 3269 477 3332 *Discat
496 3271 617 3332 ecclesia
637 3280 688 3332 tua
707 3269 745 3331 D.
765 3269 910 3331 inlautum

694 3437 780 3498 Aous
795 3435 949 3498 Oranbmr.

377 3556 473 3643 [Deus
493 3560 544 3638 qui
563 3559 629 3621 licet
649 3560 688 3620 sis
708 3555 848 3642 magnus]

376 3659 439 3737 Ipsi
459 3660 544 3720 nobis
563 3657 638 3719 Dne.
659 3677 689 3738 q.
710 3657 858 3737 possident

378 3754 508 3838 [Adiuva
528 3775 583 3818 nos
601 3756 678 3817 Dne.
699 3775 728 3834 q.
748 3773 852 3817 eorum
872 3749 1090 3836 deprecatione]

501 4003 505 4013 Ι
570 3921 722 3983 Donnbc'ca
734 3919 944 4001 IpoatNalaIe
956 3919 1084 3980 Domiti.

378 4046 461 4107 Deua
481 4048 531 4125 qui
552 4045 650 4106 saluis
670 4055 806 4107 aeternae
827 4046 929 4105 beatae
950 4042 1064 4104 Mariae
1084 4041 1244 4120 virginitate

360 4144 426 4207 eDa
445 4145 531 4206 nobis
551 4164 579 4223 q.
599 4161 627 4205 o.
648 4143 685 4204 D.
707 4154 739 4204 ut
759 4143 935 4204 nativitatem
955 4139 1024 4225 (ab)

381 4243 552 4305 Muneribus
570 4244 676 4304 nostris
696 4261 724 4322 q.
746 4242 822 4304 Dne.
842 4242 1036 4322 precibusque

381 4342 448 4402 VD.
468 4341 532 4403 Nos
552 4359 666 4402 sursum
686 4341 823 4402 cordibus
843 4340 946 4402 erectis

363 4441 429 4502 *Da
449 4442 533 4504 nobis
552 4458 581 4519 q.
603 4438 679 4502 Dne.
700 4438 739 4499 D.
759 4450 858 4502 noster
878 4448 911 4500 ut
930 4438 981 4517 qui
1001 4437 1179 4499 nativitatem

382 4540 617 4602 Benedictionem
637 4548 718 4600 tuam
738 4537 815 4600 Due.
836 4537 961 4617 populus
981 4536 1073 4598 fidelis

523 4705 626 4766 Pridie
637 4705 708 4779 Καὶ
722 4703 789 4765 Ian.
822 4703 930 4766 Natale
943 4701 976 4764 S.
990 4701 1130 4765 Setvestn:

381 4829 431 4890 Da
450 4849 479 4908 q.
500 4847 528 4890 o.
548 4828 586 4888 D.
606 4839 638 4888 ut
657 4829 685 4888 b.
708 4827 834 4889 silvestri

383 4927 483 4989 Sancti
503 4927 544 4987 tui
563 4944 617 4988 nos
636 4945 666 5006 q.
685 4924 762 4988 Due.
784 4925 893 5004 ubique
914 4924 1069 4985 laetificent

383 5024 502 5087 Praesta
521 5043 550 5105 q.
570 5043 596 5087 o.
617 5024 655 5086 D.
675 5035 708 5084 ut
727 5023 764 5085 de
783 5024 927 5103 perceptis

643 5145 1009 5198 mundezanum.
