3352 5828
680 795 915 855 APPENDIX.

373 999 491 1087 [Eodem
505 1004 548 1064 die
563 1003 713 1066 Conversio
726 1004 759 1065 S.
773 1004 870 1064 Pauo·
879 1005 1010 1084 Apostoli
1019 1007 1050 1067 i'n
1064 1004 1215 1068 Damasco.

333 1117 433 1180 *Deus
453 1120 503 1200 qui
522 1121 686 1182 universnm
707 1120 851 1182 mundum

353 1218 487 1296 Apostoli
506 1221 548 1281 tui
568 1219 650 1282 Pauli
670 1221 806 1300 precibus

335 1314 418 1378 *VD
441 1315 500 1391 Qui
520 1318 670 1380 ecelesiam
689 1329 770 1380 tiiiim

355 1413 529 1477 Sanctificati
548 1415 623 1478 Dne.
644 1415 760 1478 salutiii
780 1413 935 1501 mysterio]

465 1588 497 1674 [o
510 1592 582 1655 Kal.
597 1592 664 1654 Feb.
677 1593 749 1655 Not.
764 1592 796 1655 S.
811 1594 908 1671 Agni's
921 1594 954 1654 de
966 1594 1134 1656 Nolibilole.
1182 1583 1185 1588 ’

355 1704 437 1768 Deus
455 1709 504 1786 qui
525 1726 580 1770 nos
600 1728 698 1771 annua
718 1711 748 1772 b.
769 1711 875 1790 Agnae
1266 1791 1269 1798 Ι

355 1804 467 1867 Adesto
487 1807 571 1869 nobis
590 1827 619 1870 o.
640 1807 678 1870 D.
699 1809 729 1870 b.
748 1803 856 1887 Agnae
876 1807 949 1871 festa
970 1810 1165 1889 repetentibus

356 1903 447 1966 Grata
465 1906 515 1967 tibi
535 1907 593 1968 sint
613 1926 643 1987 q.
664 1907 740 1968 Dne.
762 1927 885 1970 munera

335 2001 420 2064 avi).
441 2002 475 2063 B.
496 2004 590 2084 Agnis
608 2006 736 2068 canitia

355 2101 499 2164 Adiuvent
519 2122 574 2165 nos
594 2104 671 2166 Dne.
692 2123 722 2184 q.
744 2115 773 2165 et
792 2104 866 2166 baec
886 2101 1038 2187 mysteria]

538 2285 691 2348 &mobiba
705 2287 729 2347 J
730 2288 759 2348 V
760 2296 827 2367 post
843 2288 1058 2367 liscophomlim.

357 2398 440 2461 Deus
459 2402 509 2481 qui
530 2420 586 2463 nos
607 2403 637 2463 in
658 2404 745 2464 tantis

359 2498 511 2561 Familiam
531 2511 611 2562 tuam
631 2502 708 2563 Dne.
729 2523 759 2582 q.
780 2502 899 2566 dextem

359 2597 500 2660 Concede
520 2619 550 2680 q.
570 2619 597 2662 o.
619 2599 658 2662 D.
679 2612 711 2663 ut
731 2601 817 2663 huius
838 2602 969 2663 sacrificii

341 2695 426 2757 ΝΙ).
446 2697 507 2773 Qui
527 2716 619 2777 geniis
639 2699 801 2760 homonum

342 2795 485 2858 *Munera
505 2809 555 2858 tua
574 2815 630 2860 nos
651 2797 689 2858 D.
709 2818 727 2860 a
748 2799 987 2862 delectationibus

360 2895 479 2975 Porrige
500 2897 650 2959 dexteram
670 2909 752 2960 tuam
772 2918 802 2980 q.
822 2898 900 2960 Dne.
920 2899 1000 2978 plebi

373 3064 404 3122 i'v
417 3062 494 3125 Non.
508 3062 575 3125 Feb.
589 3063 620 3125 S.
638 3064 782 3126 Sibieonii.
827 3065 947 3128 Colleclo
961 3065 1003 3124 od
1013 3063 1045 3125 S.
1061 3064 1233 3125 Admonens.

360 3177 451 3239 Erudi
472 3198 500 3257 q.
521 3178 597 3241 Dne.
618 3180 736 3259 plebem
756 3192 838 3242 tuam

512 3328 565 3388 Ad
575 3328 709 3391 Maisan
751 3328 845 3392 Sloti'o
856 3330 898 3389 od
909 3328 942 3390 S.
957 3328 1099 3390 Maniam.

360 3442 398 3504 Ο.
420 3462 443 3504 s
463 3442 502 3505 D.
524 3445 703 3506 maiestatem
723 3456 805 3506 tuam
825 3445 972 3524 supplices

359 3540 476 3601 Exaudi
495 3540 572 3604 Dne.
591 3561 691 3622 preces
711 3555 826 3605 nostris
845 3554 875 3604 et
895 3552 929 3605 iit
948 3543 1040 3622 digna

359 3639 427 3701 VD.
449 3640 528 3714 Quia
547 3659 601 3720 per
619 3642 759 3704 incarnati

360 3736 399 3811 Q.
421 3738 498 3799 Dne.
520 3738 556 3799 D.
578 3750 677 3802 noster
697 3751 730 3802 ut
750 3751 939 3804 sacrosancta

454 3921 522 3982 non
536 3919 603 3982 ss.
618 3919 690 3980 nat.
705 3918 739 3980 S.
753 3920 886 3998 nguine
899 3918 951 4000 (R.
965 3918 1039 3980 aiis
1060 3917 1162 3998 sagq.

344 4036 575 4116 *indulgentiam
595 4037 681 4097 nobis
700 4035 778 4096 Dne.
798 4037 828 4099 b.
850 4035 968 4114 Agatha

362 4136 448 4197 Fiant
465 4135 543 4196 Dne.
563 4147 614 4196 tuo
633 4145 718 4213 grata
738 4135 912 4212 conspectui

363 4234 431 4296 VD.
452 4235 510 4295 Pro
531 4235 612 4295 cuius
631 4234 752 4295 nomine
771 4249 935 4312 poenam

363 4333 535 4395 Exultamus
554 4333 660 4413 pariter
679 4344 709 4393 et
729 4332 767 4394 de
787 4344 930 4413 percepto

558 4508 709 4570 Dominio
730 4508 759 4570 V
759 4515 827 4587 poet
841 4505 1057 4585 moptensis.

365 4624 518 4687 Familiam
537 4635 617 4686 tuam
637 4644 666 4705 q.
686 4623 762 4686 Dne.
783 4624 926 4686 continua

346 4723 402 4784 sD.
423 4725 474 4802 qui
494 4723 572 4785 soliis
592 4742 625 4784 es
644 4725 741 4785 bonus

365 4821 487 4882 Hostias
507 4822 558 4881 tibi
579 4820 653 4882 Dne.
673 4820 845 4900 placationis
865 4820 1017 4881 offerimus
1136 4819 1140 4827 ’

346 4919 431 4979 ΝΙ).
451 4919 521 4980 Tibi
542 4919 624 4981 istam
645 4918 851 4982 immolationis

366 5018 405 5093 Q.
427 5037 457 5080 o.
479 5017 517 5077 D.
537 5028 569 5078 ut
589 5018 665 5080 illius
684 5019 819 5080 mutans

365 5117 479 5178 Adesto
500 5116 575 5177 Dne.
595 5117 710 5197 populis
730 5118 788 5178 tuis
808 5117 838 5176 in
860 5126 911 5177 tua

784 5228 808 5278 Y
826 5233 844 5281 2
