3352 5828
302 409 362 474 142
579 398 707 456 LIBER
727 398 1115 458 SACRAMENYORUM
1279 398 1314 469 [1.
1324 398 1393 454 xciv.

294 564 408 638 tanda,
424 563 549 649 respice
564 583 663 650 super
677 564 761 630 hanc
781 563 952 630 basilicam
967 562 1002 629 in
1023 562 1149 631 honore
1166 565 1255 630 beati
1270 562 1394 632 Jllius¹

294 667 421 733 nomini
443 676 503 734 tuo
525 667 691 745 dicatam3
713 676 752 732 ut
769 675 936 733 vetustate
959 667 1085 733 iudaiei
1102 667 1220 734 erroris
1241 669 1392 754 expulsa,

291 770 370 838 huic
401 772 476 837 loco
505 771 610 837 sancti
637 769 783 857 SpIritus
811 770 1019 837 novitatem⁸
1048 770 1207 839 ecclesiae
1238 772 1387 839 conseras

293 874 502 942 veritateml.
548 876 611 941 Per
625 875 809 941 Dominum
826 883 983 941 nostnrm.

339 995 563 1079 Omnipotens
586 996 786 1081 sempiterne
804 996 907 1072 Deus,
920 995 978 1080 qui
998 995 1086 1062 hunc
1101 995 1221 1074 locum,
1237 996 1393 1063 Iudaicae

296 1099 540 1184 superstitionis
572 1099 731 1166 foeditate
760 1101 899 1180 detersa,
928 1100 962 1165 in
991 1099 1118 1166 honore
1145 1099 1236 1166 beati
1266 1099 1390 1167 ΙΙΙίιιε1

296 1202 455 1270 ecclesiae
468 1212 547 1269 tuae
560 1204 718 1289 dignatus
733 1225 769 1269 es
783 1199 1083 1289 pulchritudinem⁴
1097 1204 1254 1271 decorare
1263 1202 1286 1271 ⁶.
1331 1204 1394 1271 Per

297 1307 492 1374 Dominum.

341 1429 487 1507 Praesta,
512 1448 720 1514 quaesumus,
747 1428 902 1507 Domine,
925 1437 962 1494 ut
988 1427 1046 1494 illa
1068 1428 1152 1496 fides
1175 1429 1229 1494 hic
1258 1427 1393 1514 fulgeat,

296 1551 393 1616 quae,
418 1533 515 1619 signo
547 1534 652 1601 crucis
681 1542 791 1600 erecto
800 1533 823 1612 ⁰,
850 1542 993 1598 mortem
1023 1532 1164 1619 subegit,
1190 1544 1224 1601 et
1251 1535 1393 1600 salutern

297 1636 394 1702 nobis
408 1635 549 1703 contulit
564 1648 600 1704 et
613 1636 826 1721 triumphum.
872 1637 943 1703 Pen

773 1782 916 1840 sonate
993 1749 1002 1757 ”

340 1895 444 1974 Deus,
467 1894 537 1961 vita
560 1894 771 1972 credentium,
797 1904 831 1960 et
860 1894 952 1978 origo
976 1896 1146 1976 virtutum,
1168 1894 1267 1982 reple,
1294 1916 1394 1981 quae·

295 2017 418 2076 sumus,
444 1998 508 2063 hoc
533 1998 693 2085 ternplum
719 2008 799 2065 tuae
822 1995 928 2082 gloria
954 1999 1178 2065 maiestatis':
1209 2001 1242 2065 in
1268 1998 1394 2066 honore

295 2103 384 2169 beati
406 2102 506 2169 Illius
530 2102 589 2169 liat
617 2104 738 2170 domus
761 2101 920 2169 orationis
949 2103 1040 2188 quod
1069 2102 1259 2188 perditum⁸
1287 2102 1394 2172 iuerat

294 2217 372 2272 aute
386 2206 581 2272 latibulum:
603 2215 637 2272 et
657 2207 736 2291 quia
758 2205 939 2272 infidelium
963 2208 1060 2273 turba
1078 2209 1112 2272 in
1135 2209 1201 2273 isto
1218 2206 1292 2275 loco
1313 2228 1394 2273 cou-

293 2310 450 2377 veniebat
474 2312 622 2390 adversa,
647 2310 792 2396 populus
817 2318 892 2375 tuus
922 2309 1147 2376 oblationibus
1180 2312 1248 2379 suis
1276 2321 1311 2378 te
1341 2311 1394 2379 hic

294 2433 425 2500 semper
440 2424 606 2480 mereatur
620 2414 766 2480 iuvenire
780 2414 970 2499 propitium.
1016 2415 1088 2482 Per.

716 2560 970 2618 Postremus.

122 2746 128 2760 .
340 2669 474 2736 Gratias
495 2669 558 2737 tibi
584 2671 762 2751 referimus,
785 2671 939 2753 Domine,
961 2692 1055 2738 sacro
1079 2693 1214 2739 munere
1238 2674 1394 2759 vegetati,

189 2784 196 2799 ‘
296 2782 390 2839 tuam
414 2775 672 2842 misericordiam
695 2777 921 2861 deprecantes,
936 2786 973 2841 ut
993 2776 1114 2862 dignos
1130 2777 1199 2842 eius
1214 2797 1274 2842 nos
1292 2778 1394 2861 parti-

296 2878 462 2964 cipatione
477 2880 637 2962 perficias.
681 2880 752 2945 Per.
769 2907 790 2963 γ

709 3024 765 3082 Ae
778 3026 949 3096 Populum
957 3019 981 3084 ⁹.

340 3135 377 3202 A
406 3135 505 3221 plebe
532 3146 602 3214 tua,
626 3156 834 3220 quaesumus,
861 3138 1013 3219 Domine,
1039 3138 1202 3223 spiritales
1230 3139 1395 3222 nequitiae

296 3239 506 3323 repellantur,
533 3248 568 3304 et
596 3240 757 3306 aeriarum
786 3241 934 3309 discedat
960 3243 1150 3327 malignitas
1180 3251 1393 3327 potestatum.

299 3342 362 3406 Per
377 3343 572 3409 Dominum.

330 3471 339 3500 ¹
355 3468 596 3530 munandans
612 3469 1188 3537 Tommasimggestsmiioraormelr’omdn
1277 3473 1394 3526 Ἰηέν.

296 3534 667 3594 ⁸nom'tarm...vm·rarem,
683 3551 713 3587 so
729 3536 777 3597 V.;
802 3552 850 3588 one
866 3537 895 3588 oi
912 3537 953 3588 the
969 3539 1120 3590 roeuutive
1135 3537 1158 3587 le
1173 3539 1395 3604 ungrammetieal;

296 3599 427 3651 Tommnsi
449 3600 522 3651 reads
549 3601 666 3660 novitate,
691 3601 742 3652 aud
767 3602 817 3652 this
842 3617 922 3653 seems
944 3603 988 3655 the
1009 3619 1078 3654 more
1122 3603 1226 3654 robrble
1249 3604 1394 3656 ooneotion.

295 3665 306 3696 ⁴
317 3665 546 3730 pulchritudinm
557 3681 587 3716 so
597 3664 628 3716 V.
640 3667 905 3733 (ungremmaticelly).
1003 3670 1014 3700 ⁸
1028 3668 1083 3720 Tb'e
1116 3668 1193 3720 olleet
1202 3669 1225 3719 is
1235 3669 1395 3736 inoomplete.

296 3731 395 3782 Possibl
422 3730 478 3782 thet
490 3731 573 3782 which
584 3731 683 3783 follows
695 3733 715 3784 lt
729 3731 822 3784 should
837 3733 903 3785 iorm
991 3734 1022 3786 oi
1036 3734 1063 3790 it.
1075 3734 1126 3785 end
1141 3735 1194 3785 Per
1206 3735 1349 3785 Dominum
1363 3734 1396 3786 be

296 3747 485 3848 omimium
589 3794 734 3848 ‘mai
842 3796 890 3850 'P
948 3815 977 3866 pe
993 3799 1130 3851 utthould
1146 3800 1178 3850 be
1195 3800 1303 3852 inserted
1321 3801 1394 3853 bere:

296 3862 960 3929 Tomulmmglmbmtstaminlome
1059 3865 1195 3931 ⁸Perhaps
1268 3865 1396 3917 iterumn

297 3927 340 3979 the
351 3934 405 3979 true
415 3927 526 3994 reading.
592 3929 602 3959 ⁸
619 3927 681 3980 This
692 3944 782 3996 prayer
792 3946 897 3997 appears
908 3931 934 3981 in
946 3931 1052 3982 mother
1062 3931 1125 3982 form
1137 3931 1163 3982 ln
1173 3932 1201 3982 11
1233 3931 1295 3981 xlvii
1305 3931 1387 3998 infra.

787 4240 910 4297 xmv.
1409 4248 1469 4306 s1s

346 4366 568 4434 Onmuouss
590 4383 638 4435 nr
660 4382 800 4436 eneces
823 4384 865 4435 ru
888 4370 1155 4437 Damcnmons
1178 4367 1352 4435 Founs1.
1459 4381 1464 4391 ·

118 4525 184 4592 egb.
196 4538 235 4592 53„
342 4505 561 4589 Omnipotens
583 4507 780 4592 sempiterne
799 4508 903 4588 Deus,
917 4506 982 4574 hoc
1005 4508 1236 4593 baptisterium
1260 4506 1394 4573 caelesti

118 4592 257 4710 pomi&
298 4609 484 4676 visitatione
511 4611 701 4677 dedicatum
727 4609 872 4697 Spiritus
896 4612 944 4676 tui
975 4611 1192 4678 illustratione
1217 4610 1396 4686 sanctifica,

119 4737 159 4789 so
300 4723 337 4780 ut
366 4735 594 4800 quoscumque
623 4713 696 4781 ions
728 4715 791 4782 iste
820 4715 989 4783 lavaturus
1016 4726 1076 4797 est,
1106 4715 1194 4782 trina
1226 4716 1398 4782 ablutione
