3352 5828
281 398 324 480 56
565 403 693 460 risun
712 400 1098 461 sncnnmmonmr
1251 400 1377 468 [rm.

282 576 393 633 vetere
417 567 551 634 homine
573 568 606 633 in
630 589 759 635 novum
783 566 1026 648 reformamini3
1059 575 1094 633 et
1122 566 1166 634 de
1193 565 1378 633 carnalibus

284 671 455 757 spiritales,
484 673 528 737 de
556 673 693 737 terrenis
722 672 866 756 incipitis
897 692 969 738 esse
1001 670 1178 736 caelestes:
1199 691 1314 737 secura
1344 680 1379 736 et

285 777 449 842 constanti
479 775 546 842 lide
573 779 698 843 credite
726 777 1004 856 resurrectionem,
1032 795 1117 860 quae
1146 775 1232 842 lacta
1260 784 1313 841 est
1344 774 1379 839 in

286 879 429 959 Christo,
443 880 544 947 etiam
559 881 592 945 in
607 880 702 946 nobis
717 881 872 946 omnibus
887 901 960 946 esse
974 877 1204 963 complendam
1213 877 1251 957 ⁶⁸,
1266 886 1301 945 et
1315 877 1379 944 hoc

286 980 510 1050 secuturum⁶⁴
538 984 572 1048 in
603 992 678 1050 toto
709 1004 847 1068 corpore
876 983 966 1068 quod
991 983 1168 1067 praecessit
1197 983 1231 1047 in
1260 983 1379 1067 capite

288 1085 456 1171 Quoniam
468 1095 501 1152 et
512 1087 631 1170 ipsum,
646 1088 737 1171 quod
751 1085 974 1173 percepturi⁶⁶
991 1086 1080 1165 estis,
1097 1085 1254 1170 baptismi
1271 1106 1379 1152 sacra-

288 1202 436 1257 mentum
451 1191 547 1257 huius
561 1191 669 1276 speill
690 1191 848 1278 exprimit
862 1189 1050 1258 sormamll.
1095 1189 1269 1275 Quaedam
1292 1189 1380 1256 enim

286 1296 332 1360 ibi
355 1316 453 1375 mors,
468 1306 503 1362 et
517 1296 681 1381 quaedam
702 1296 896 1362 resurrectio
916 1294 1107 1361 celebratur.
1150 1294 1259 1361 Vetus
1279 1292 1382 1359 homo

286 1400 464 1485 deponitur
482 1408 515 1465 et
534 1420 638 1465 novus
659 1398 810 1466 sumitur.
855 1399 1012 1465 Peccator
1026 1418 1129 1483 aquas
1144 1397 1327 1482 ingreditur
1348 1407 1382 1464 et

287 1502 496 1569 iu·stificatus
515 1504 692 1587 egreditur.
738 1503 800 1570 Ille
817 1503 969 1570 abiicitur
983 1502 1039 1587 qui
1053 1504 1160 1569 traxit
1173 1503 1215 1567 ad
1233 1511 1384 1577 mortem,
1397 1512 1456 1570 543

287 1617 322 1673 et
343 1608 519 1692 suscipitur
538 1607 594 1673 ille
615 1609 673 1693 qui
695 1608 831 1675 reduxit
851 1608 895 1673 ad
917 1609 1030 1685 vitam,
1047 1628 1107 1693 per
1128 1607 1220 1673 cuius
1241 1608 1383 1690 gratiam

285 1712 381 1777 vobis
396 1711 567 1792 confertur,
582 1722 621 1778 ut
635 1711 693 1777 filii
709 1713 774 1778 Dei
794 1712 875 1791 sitis,
890 1732 956 1777 non
977 1712 1083 1777 carnis
1098 1711 1271 1778 voluntate
1291 1710 1384 1789 editi,

286 1816 346 1881 sed
365 1816 469 1882 sancti
485 1814 628 1898 Spiritus
646 1815 769 1881 virtute
790 1816 948 1898 generati.
994 1815 1040 1880 Et
1059 1816 1136 1880 ideo
1156 1813 1241 1880 hauc
1259 1814 1384 1879 brevis·

286 1920 405 1984 simam
420 1919 658 2005 plenitudinem
670 1920 717 1985 ita
732 1919 860 1985 debetis
874 1920 991 1985 vestris
1001 1919 1157 1984 cordibus
1171 1919 1340 1983 inhaerere
1348 1915 1385 1996 ⁵⁸,

287 2033 324 2088 ut
353 2023 444 2088 omni
473 2030 623 2107 tempore
652 2022 819 2107 praesidio
849 2023 945 2088 huius
979 2021 1195 2089 confessionis
1232 2021 1384 2087 utamini.

287 2126 416 2193 Invicta
430 2136 481 2191 est
496 2126 583 2192 enim
599 2147 729 2211 semper
744 2126 862 2193 talium
873 2147 1041 2192 armorum
1050 2125 1078 2166 ⁶⁹
1093 2136 1253 2212 potestas,
1269 2135 1385 2192 contra

286 2251 402 2295 omnes
430 2229 565 2295 insidias
594 2231 717 2296 inimici
747 2231 791 2296 ad
817 2232 942 2297 bonam
973 2230 1098 2297 Christi
1127 2228 1279 2295 militiam
1308 2249 1385 2314 pro·

286 2333 442 2399 suturatt
489 2333 660 2414 Diabolus
675 2334 730 2418 qui
739 2332 956 2399 ⁸¹hominem
978 2343 1105 2400 tentare
1127 2353 1195 2399 non
1216 2331 1385 2414 desinit⁰²,

286 2439 431 2503 munitos
453 2457 513 2502 vos
533 2437 598 2502 hoc
621 2435 786 2521 Symbolo
807 2458 937 2521 semper
959 2437 1161 2516 inveniat⁶⁸3
1184 2447 1229 2516 ut,
1253 2437 1386 2503 devicto

286 2541 484 2619 adversario,
501 2541 554 2620 cui
575 2542 768 2607 renuntiatis
777 2539 816 2620 ⁸⁴,
839 2541 979 2626 gratiam
1002 2541 1139 2606 Domini
1161 2541 1386 2623 incorruptam

288 2655 323 2710 et
343 2643 589 2735 immaculatam
612 2665 717 2728 usque
743 2646 777 2709 in
798 2644 907 2723 finem,
926 2645 1000 2728 ipso
1026 2643 1164 2727 quem⁸⁶
1184 2643 1387 2709 confitemini

287 2755 495 2832 protegente,
517 2747 662 2823 servetis,
684 2754 722 2812 ut
730 2747 758 2786 ⁸⁰
781 2748 816 2812 in
835 2768 902 2832 quo
927 2758 1137 2832 peccatorum
1160 2746 1386 2812 remissionem

288 2851 444 2934 accipitis,
452 2850 486 2914 in
498 2850 688 2933 eogloriam
701 2851 946 2917 resurrectionis
957 2851 1107 2916 habeatis
1115 2849 1152 2914 ⁶⁷.
1183 2850 1274 2934 Ergo
1286 2849 1387 2916 dilec-

287 2953 415 3029 tissimi,
430 2954 611 3037 praeiatum
628 2953 828 3037 Symbolum
844 2953 920 3020 fidei
935 2953 1117 3021 catholicae
1126 2952 1153 2994 ⁸⁸
1173 2954 1206 3019 in
1221 2954 1387 3037 praesenti

288 3057 499 3140 cognovistis,
513 3077 598 3122 nunc
620 3066 737 3122 euntes
759 3057 944 3123 edocemini
965 3056 1057 3122 nullo
1080 3065 1209 3122 mutato
1223 3076 1384 3122 sermone

290 3161 413 3226 Potens
428 3168 480 3224 est
493 3160 582 3224 enim
598 3159 664 3223 Dei
684 3159 905 3225 misericordia
924 3180 1011 3244 quae
1029 3168 1062 3223 et
1082 3180 1143 3225 vos
1165 3159 1209 3224 ad
1230 3159 1388 3243 baptismi

289 3262 390 3328 iidem
416 3271 582 3327 currentes
604 3263 774 3347 perducat,
796 3271 830 3327 et
856 3282 916 3327 nos
939 3263 996 3346 qui
1018 3262 1114 3328 vobis
1140 3263 1297 3344 mysteria
1322 3272 1388 3328 tra·

289 3367 410 3442 dimus,
431 3385 497 3430 una
522 3365 692 3431 vobiscum
716 3366 762 3431 ad
788 3386 891 3450 regna
913 3365 1068 3432 caelestia
1090 3364 1188 3431 saciat
1209 3366 1389 3450 pervenire.

291 3469 355 3535 Per
378 3470 522 3534 eundern
552 3469 734 3536 Dominum
772 3478 921 3535 nostrum
952 3469 1062 3534 lesum
1089 3468 1269 3548 Christum,
1293 3471 1352 3554 qui
1360 3469 1393 3509 ⁰⁰·

290 3573 371 3639 vivit
392 3581 426 3637 et
445 3583 560 3657 regnat
577 3572 611 3637 in
631 3572 763 3638 saecula
780 3571 996 3639 saeculorum.
1039 3572 1163 3638 Amen.

323 3817 332 3848 ¹
350 3817 413 3868 'l'his
429 3817 523 3869 section
539 3817 584 3868 has
601 3818 663 3869 been
680 3818 814 3885 compared
826 3817 866 3869 lor
875 3818 918 3870 the
928 3825 1025 3882 greum
1102 3817 1132 3868 oi
1140 3819 1173 3868 its
1183 3825 1263 3869 extent
1274 3817 1335 3868 with
1346 3817 1390 3869 the

289 3882 396 3949 parallel
412 3883 477 3933 form
493 3884 566 3948 given
583 3884 615 3946 by
627 3884 733 3934 Gerbert
745 3884 782 3947 (ii.
795 3885 823 3946 3)
834 3884 898 3934 from
915 3883 955 3934 his
969 3885 1039 3933 Ziirlc
1068 3883 1124 3934 MS.
1137 3884 1210 3949 (saec
1221 3885 1247 3933 ix
1257 3883 1337 3948 circ),
1346 3885 1390 3935 the

290 3948 404 4065 Μ
415 3948 599 4080 trum
609 3948 826 4066 runs
836 3948 1328 4076 ἫΜΜΜΜ
1337 3950 1390 4021 r

375 4029 431 4064 com
682 4030 730 4066 con
835 4030 862 4065 m
899 4052 905 4065 .
922 4030 945 4065 w
1204 4030 1218 4065 e
1302 4031 1391 4080 prayer

290 4079 422 4130 contained
440 4080 467 4129 lu
489 4079 571 4130 xxxiv.
585 4095 617 4130 ru
648 4096 674 4140 a,
686 4079 729 4130 the
739 4081 860 4131 directior
877 4081 945 4131 ‘Hie
960 4087 1067 4168 &ponat
1075 4080 1204 4146 presbyter
1218 4081 1296 4131 Pater
1308 4088 1392 4131 noster

290 4145 338 4211 qui
347 4145 462 4194 incaelr's
472 4150 559 4222 marn.
621 4146 760 4223 tempestat
773 4146 851 4198 Credo
858 4146 888 4195 ἐκ
899 4161 990 4206 unum,
1008 4145 1125 4224 followed
1137 4146 1171 4210 by
1181 4161 1197 4196 a
1208 4146 1282 4224 Latin
1292 4147 1391 4196 version

290 4209 376 4326 lali
385 4209 577 4334 bilbili
587 4209 898 4341 lfalffiffi
905 4210 1392 4340 mdltffld‘ttmttttt

291 4340 360 4390 ususl
377 4341 449 4391 form.
548 4338 651 4406 'quam
667 4339 700 4390 V.
717 4341 856 4405 (corrected
871 4343 905 4406 by
921 4341 1050 4392 Tommasi
1065 4356 1093 4392 u
1109 4348 1171 4403 text,
1187 4341 1250 4391 from
1270 4340 1397 4392 Santori's·

292 4405 356 4466 MS„
367 4405 428 4456 with
442 4405 524 4456 which
541 4403 617 4456 Gerb.
629 4406 735 4472 agrees).
834 4403 844 4434 ⁸
859 4406 957 4457 animis
972 4407 1059 4457 bonum
1076 4407 1280 4456 conversationem
1297 4414 1394 4461 mutate

292 4471 387 4531 Gerb.;
413 4469 444 4521 V.
461 4487 489 4519 as
509 4477 560 4521 text
578 4469 840 4585 {pemmatioallyr
865 4472 995 4522 Tommssi
1016 4471 1087 4521 reads
1107 4486 1169 4520 vera
1189 4472 1392 4534 conversatione).

291 4535 301 4565 ⁴
318 4542 458 4586 vestrarum
471 4534 563 4595 Geth:
604 4571 610 4585 .
623 4551 651 4585 ns
661 4543 720 4586 text.
788 4535 799 4566 ⁸
815 4537 984 4587 illuminator.
1013 4536 1124 4587 Accedr'te
1135 4537 1209 4587 Geth
1274 4534 1285 4565 ⁸
1301 4538 1399 4586 Esau:

288 4603 380 4667 gelr'cae
389 4602 419 4651 V.
428 4617 436 4662 ς
452 4601 581 4652 Tommasi
592 4602 682 4654 retains
694 4600 751 4659 this.
759 4601 806 4652 but
816 4608 888 4652 notes
898 4602 953 4653 thet
963 4600 1082 4653 Sautori's
1092 4602 1147 4652 MS.
1160 4602 1219 4653 rend
1229 4603 1393 4668 wongelr'cr'53

293 4668 369 4717 Gerb.
382 4667 428 4717 hus
439 4667 590 4731 Evangeliei
601 4666 737 4731 symbolum
753 4667 915 4718 sacramenti.
1012 4665 1022 4696 ¹
1039 4667 1069 4719 V.
1083 4669 1158 4718 omits
1169 4667 1209 4729 ab,
1220 4669 1303 4719 which
1314 4669 1393 4718 Tom-

293 4733 356 4784 mnsi
366 4739 436 4784 notes
446 4747 475 4783 u
485 4733 559 4798 being
569 4731 701 4784 contained
711 4733 738 4783 in
748 4731 869 4784 Santori’s
880 4733 934 4784 MS.
943 4748 951 4795 ς
967 4733 1043 4785 Gerb.
1054 4733 1108 4786 also
1120 4733 1167 4784 hes
1176 4735 1206 4785 it.
1304 4731 1315 4762 ⁹
1330 4734 1396 4800 quid
