3352 5828
310 391 375 462 254
593 387 721 444 LIBER
743 387 1131 446 SACRAMENTORUM
1241 388 1417 456 [lllmvii.

740 562 993 619 Postoommun

127 682 195 733 Men
209 692 265 747 ²07·
290 641 295 648 ι
354 673 529 761 Supplices
552 683 585 739 te
606 696 770 761 rogamus,
790 675 917 751 ³Deus,
937 684 974 740 ut
988 696 1072 759 quos
1090 676 1155 741 tuis
1181 674 1286 740 reficis
1304 696 1416 742 sacra-

310 778 524 860 mentis,·et‘
548 778 612 844 tibi
632 779 762 864 placitis
781 778 929 844 moribus
948 779 1123 864 dignanter
1143 778 1308 846 informes.
1352 781 1418 847 Per

311 884 496 949 Dominum
512 893 661 950 nostrum
680 884 791 949 Iesum
810 883 991 950 Christum.
1013 911 1035 965 γ
1289 885 1292 890 ’

355 1057 575 1123 Oxumouns
598 1070 640 1122 ru
663 1057 815 1121 Ninum
837 1057 1072 1122 Pnnsuvrnnr
1094 1071 1285 1135 Quantum
1306 1071 1378 1123 stur

567 1173 708 1226 mssnu
732 1174 880 1225 neuneu
904 1161 1156 1226 cnnnnununl.

357 1299 461 1377 Deus,
480 1298 571 1364 cuius
594 1298 727 1365 arbitrio
754 1299 904 1364 omnium
927 1297 1133 1364 saeculorum
1158 1300 1239 1365 ordo
1262 1300 1417 1379 decurrit,

312 1404 439 1489 respice
458 1403 621 1488 propitius
641 1405 685 1469 ad
707 1423 761 1467 me
781 1400 942 1467 famulum
962 1413 1068 1478 tuum,
1082 1424 1182 1487 quem
1201 1404 1244 1469 ad
1262 1406 1415 1470 ordinem

246 1541 253 1556 ·
312 1506 529 1593 presbyterii⁰
544 1527 738 1591 promovere
749 1507 906 1590 dignatus
921 1528 976 1585 es;
998 1517 1032 1572 et
1043 1518 1079 1573 ut
1090 1506 1152 1573 tibi
1164 1528 1238 1574 mea
1252 1506 1416 1575 servitus*

312 1611 453 1696 placeat,
468 1619 527 1675 tua
542 1612 575 1675 in
591 1630 645 1675 me
660 1610 913 1676 misericorditer
927 1610 1016 1676 dona
1031 1631 1197 1678 conserva.
1240 1612 1310 1679 Per.

357 1731 504 1796 Domine
529 1731 623 1797 Deus
650 1740 772 1810 noster,
793 1752 897 1796 verax
920 1733 1109 1817 promissor,
1129 1733 1307 1819 propitiare
1324 1737 1416 1819 operi

311 1844 381 1912 tuo,
397 1835 529 1900 etmihi
544 1833 671 1901 famulo
686 1843 746 1899 tuo
761 1835 917 1900 servienti
932 1836 997 1901 tibi
1011 1836 1137 1901 tribuas
1152 1849 1416 1922 perseverantem

311 1939 345 2002 in
360 1947 418 2003 tua
432 1937 604 2003 voluntate
618 1938 824 2017 famulatum,
840 1948 879 2002 ut
893 1939 1011 2004 diebus
1025 1940 1145 2004 nostris
1166 1939 1224 2006 et⁸
1245 1941 1362 2006 merito
1382 1952 1416 2006 et

312 2061 451 2109 numero
465 2041 609 2127 populus
623 2043 685 2107 tibi
700 2043 844 2108 serviens
858 2053 1027 2127 augeatur.
1073 2044 1144 2108 Per.

728 2206 839 2274 Super
860 2199 1005 2263 obteta⁹.
1431 2222 1493 2279 712

356 2318 490 2399 Perfice,
508 2318 663 2397 Domine,
679 2338 892 2402 quaesumus,
912 2319 1078 2403 benignus
1097 2320 1130 2385 in
1151 2321 1256 2399 nobis,
1271 2329 1308 2386 ut
1328 2341 1416 2405 quae

311 2423 412 2489 sacris
446 2423 613 2506 mysteriis
650 2422 855 2507 profitemur,
884 2424 948 2507 piis
985 2424 1170 2488 actionibus
1202 2444 1415 2508 exequamur.

313 2526 386 2592 Per.

358 2646 458 2713 Hanc
483 2647 581 2731 igitur
599 2646 814 2723 oblationem,
830 2647 986 2722 Domine,
1005 2648 1170 2713 servitutis
1190 2669 1295 2728 meae,
1313 2667 1416 2732 quam
1440 2696 1444 2705 .

314 2749 376 2816 tibi
395 2749 499 2815 offero
520 2769 583 2834 ego
607 2749 750 2814 famulus
773 2759 851 2814 tuus
871 2760 906 2815 et
928 2751 1090 2828 sacerdos,
1105 2771 1166 2834 pro
1187 2772 1228 2816 eo
1249 2753 1339 2836 quod
1362 2773 1417 2818 me

315 2853 437 2936 eligere
452 2853 609 2937 dignatus
624 2873 659 2917 es
679 2853 713 2916 in
734 2854 884 2918 ordinem
899 2855 1104 2937 presbyterii,
1120 2865 1157 2919 ut
1172 2853 1337 2919 sacrificiis
1351 2856 1417 2920 tuis

314 2976 354 3021 ac
375 2957 495 3021 divinis
514 2955 674 3020 altaribus
694 2957 892 3020 deservirem
904 2954 950 3020 ¹⁰:
975 2976 1036 3040 pro
1051 2958 1114 3022 hoc
1134 2957 1237 3022 reddo
1257 2958 1316 3023 tibi
1338 2969 1418 3024 vota

316 3081 391 3125 mea
416 3060 492 3124 Deo
517 3079 596 3124 vero
619 3069 654 3124 et
679 3060 765 3138 vivo,
788 3061 996 3124 maiestatem
1020 3070 1112 3124 tuam
1138 3061 1329 3145 suppliciter
1355 3063 1417 3126 im·

315 3163 459 3247 plorans,
485 3171 522 3226 ut
547 3181 647 3245 opera
673 3182 833 3225 manuum
861 3171 992 3225 tuarum
1019 3163 1052 3226 in
1076 3183 1130 3227 me
1153 3165 1225 3246 ipso
1249 3166 1418 3229 custodias

316 3275 351 3331 et
379 3267 537 3331 idoneum
568 3286 621 3329 me
651 3285 709 3348 per
720 3263 745 3303 ¹¹
776 3265 888 3328 omnia
917 3265 1103 3329 ministrum
1132 3276 1210 3330 tuae
1238 3267 1418 3332 voluntatis

316 3370 447 3434 efficias.
494 3368 566 3432 Per.

744 3462 997 3519 Postoommun.

360 3577 538 3641 Munerum
565 3584 709 3653 tuorum,
737 3575 893 3650 Domine,
919 3575 1072 3659 largitate
1083 3573 1108 3613 ¹²
1133 3585 1309 3655 sumentes,
1337 3555 1417 3663 sup·

315 3679 418 3763 plices
432 3680 651 3763 deprecamur
671 3689 710 3743 ut
732 3680 854 3761 quibus
869 3679 1000 3743 donasti
1020 3680 1116 3743 huius
1132 3680 1304 3744 ministerii
1318 3683 1416 3746 servi-

314 3793 421 3849 tutem
452 3782 648 3866 exequendi,
678 3783 804 3865 gratiae
841 3792 920 3846 tuae
956 3783 1084 3848 tribuas
1112 3782 1310 3848 facultatem.
1355 3784 1418 3850 Per

314 3888 508 3951 Dominum.

345 4005 356 4034 ²
373 4007 440 4058 Meu.
459 4005 602 4055 substitutos
618 4005 658 4055 lor
677 4006 727 4055 this
744 4005 880 4071 beginning
896 4005 939 4057 the
956 4022 1025 4057 more
1045 4006 1158 4072 ordinary
1175 4005 1240 4056 form
1259 4007 1416 4069 Quaesumus

313 4072 469 4122 clementum
481 4077 561 4133 tuam,
573 4077 728 4135 omnipotens
739 4073 817 4121 Deus.
938 4071 948 4100 ¹
964 4073 1029 4122 dona
1042 4072 1108 4122 Meu.
1225 4071 1235 4101 ¹
1251 4071 1317 4123 Men.
1329 4075 1417 4124 inserts

314 4139 475 4203 omnipotens.
574 4136 584 4166 ⁴
601 4138 669 4186 Men.
681 4138 758 4186 omits
768 4142 800 4187 et.
899 4137 909 4167 ¹
926 4137 989 4188 This
1000 4138 1083 4187 Missa
1094 4139 1114 4187 is
1124 4137 1231 4202 perhaps
1243 4137 1417 4204 intentionally

314 4203 431 4253 included
441 4204 467 4252 in
479 4202 522 4253 the
533 4219 601 4253 sume
613 4202 705 4252 section
717 4203 778 4252 with
789 4201 844 4252 thet
855 4205 998 4267 preceding,
1010 4205 1052 4253 the
1060 4203 1170 4254 Collects
1181 4205 1210 4253 ol
1218 4204 1300 4252 which
1311 4219 1377 4254 seem
1388 4213 1416 4255 to

314 4270 343 4318 fir
354 4270 374 4319 it
385 4268 423 4318 lor
433 4285 450 4318 a
461 4267 556 4318 similar
567 4283 682 4363 purpose.
800 4266 810 4295 ⁸
857 4269 1007 4332 esbyterntus
1017 4270 1086 4318 Pam.
1201 4267 1211 4297 l
1227 4268 1356 4319 semr'tutis
1368 4270 1416 4330 V.;

314 4335 383 4383 Pem.
395 4349 423 4383 us
434 4342 494 4383 text.
634 4333 699 4381 utV
849 4334 904 4382 The
917 4350 960 4384 use
972 4335 999 4384 oi
1008 4333 1057 4384 this
1068 4335 1173 4397 heading
1184 4334 1222 4383 sor
1232 4335 1275 4383 the
1286 4335 1415 4384 Secretais

314 4398 470 4464 exeeptionsl
481 4398 507 4447 in
520 4398 567 4457 V.;
585 4398 628 4447 the
638 4398 743 4447 absence
754 4397 783 4447 ol
796 4414 845 4461 any
856 4398 945 4448 hesdin
975 4399 1013 4448 ior
1024 4398 1066 4447 the
1077 4401 1152 4448 Hanc
1164 4399 1247 4461 igitur
1256 4415 1314 4463 may
1325 4399 1356 4448 be
1365 4399 1415 4448 due

314 4473 342 4514 to
354 4465 396 4514 the
407 4479 476 4513 sume
486 4479 566 4514 ouuse.
699 4461 718 4490 ²⁰
735 4463 810 4514 Some
821 4464 903 4514 words
914 4481 942 4514 su
983 4480 1010 4513 es
1016 4465 1131 4528 placatus
1141 4465 1246 4528 accipias
1260 4480 1326 4514 seem
1340 4472 1368 4514 to
1384 4465 1415 4514 be

315 4528 425 4594 required
436 4528 495 4578 here
506 4528 544 4578 lor
555 4529 598 4578 the
609 4527 762 4592 completion
774 4529 804 4578 ol
814 4528 954 4579 thereme:
971 4531 1014 4579 but
1027 4529 1087 4578 both
1101 4531 1127 4578 in
1142 4530 1173 4578 V.
1187 4529 1237 4578 end
1252 4529 1276 4578 in
1288 4529 1358 4579 Pam.
1372 4530 1415 4579 the

314 4604 428 4645 sentence
441 4595 463 4644 is
474 4594 518 4644 leit
530 4593 689 4659 incomplete.
795 4592 814 4620 ¹¹
825 4602 875 4658 pro
887 4595 934 4654 V.;
951 4596 1020 4646 Pam.
1032 4603 1128 4645 astent.
1237 4591 1256 4622 ¹¹
1271 4596 1415 4658 largitatem

311 4661 401 4790 2¹23
417 4660 449 4711 V.
459 4677 486 4710 ns
498 4667 549 4710 text
562 4659 832 4725 (ungrammntically);
851 4661 892 4710 the
903 4661 997 4710 similer
1009 4660 1105 4711 Collect
1117 4662 1142 4710 in
1154 4660 1231 4711 Leon.
1242 4660 1287 4710 hus
1298 4660 1415 4725 largitate

381 4732 454 4776 entes.
