3352 5828
308 813 328 864 1.
338 811 414 879 xus]
617 810 828 868 nominas·
848 810 1092 868 seclusus.
1358 805 1399 886 85

568 1029 664 1093 lusu
687 1027 951 1096 Cousscsnmo
975 1028 1125 1094 Fonms.

353 1165 447 1232 Deus
457 1163 481 1248 ⁴,
496 1166 552 1251 qui
567 1166 718 1233 invisibili
734 1165 883 1250 potentia
896 1174 955 1231 tua
969 1175 1252 1233 sacramentomm
1265 1176 1397 1232 tuorum

309 1268 504 1336 mirabiliter
517 1271 661 1356 operaris
676 1269 832 1337 effectum
842 1268 866 1350 ⁶,
881 1279 916 1336 et
932 1268 1010 1336 licet
1030 1289 1090 1334 nos
1112 1271 1214 1336 tantis
1231 1269 1398 1355 mysteriis

309 1374 513 1458 exequendis
528 1375 630 1441 simus
645 1373 780 1458 indigni,
795 1381 964 1438 tutamen
988 1373 1115 1456 gratiae
1129 1383 1209 1439 tuae
1223 1373 1311 1439 dona
1328 1391 1397 1438 non

237 1486 297 1546 ⁶69
309 1476 463 1543 deserens
475 1478 488 1517 ⁶
502 1478 601 1543 etiam
616 1479 658 1543 ad
680 1485 822 1543 nostras
836 1496 950 1561 preces
972 1497 1068 1542 aures
1090 1485 1169 1542 tuae
1190 1476 1326 1562 pietatis
1351 1477 1399 1542 in·

310 1579 405 1646 clina.
448 1580 540 1646 Deus
563 1582 655 1648 cuius
677 1579 820 1667 Spiritus
841 1600 940 1664 super
957 1600 1060 1664 aquas
1082 1581 1169 1646 inter
1190 1581 1263 1666 ipsa
1285 1581 1399 1645 mundi

310 1685 490 1771 primordia
514 1685 685 1764 serebatur,
701 1693 738 1750 ut
761 1686 827 1750 iam
850 1693 928 1750 tunc
949 1685 1107 1750 virtutem
1129 1684 1400 1752 sanctificationis

311 1808 470 1873 aquamm
499 1798 615 1855 natura
645 1790 856 1875 conciperet;
895 1788 988 1854 Deus
1017 1788 1074 1872 qui
1104 1789 1254 1855 nocentis
1284 1788 1399 1854 mundi

311 1892 446 1958 mimina
463 1914 522 1978 per
535 1913 638 1978 aquas
659 1892 806 1970 abluens,
827 1893 1082 1976 regenerationis
1103 1893 1250 1976 speciem
1272 1891 1306 1957 in
1328 1893 1401 1978 ipsa

311 1996 425 2062 diluvii
447 1997 604 2063 effusione
626 1998 773 2082 signasti,
787 1993 868 2083 [ιιι]7
891 1997 988 2062 unius
1010 1997 1224 2082 eiusdemque
1246 1996 1400 2063 elementi

312 2101 469 2184 mysterio
490 2111 524 2167 et
546 2101 621 2167 finis
643 2111 730 2167 esset
751 2101 839 2167 vitiis
861 2110 895 2165 et
917 2101 1012 2183 origo
1033 2098 1238 2180 virtutum⁸;
1265 2100 1400 2185 respice,

312 2204 466 2284 Domine,
475 2205 509 2270 in
526 2205 642 2271 faciem
659 2203 813 2271 ecclesiae
828 2215 905 2268 tuae
917 2214 951 2269 et
963 2203 1146 2287 multiplica
1162 2205 1195 2269 in
1211 2224 1252 2268 ea
1266 2224 1402 2289 genera·

312 2308 419 2374 tiones
434 2319 517 2387 tuas,
526 2309 584 2392 qui
600 2309 725 2392 gratiae
741 2307 842 2373 tuae⁹
858 2306 1053 2374 effluentis¹⁰
1067 2309 1194 2391 impetu
1203 2304 1230 2345 ¹¹
1244 2307 1403 2374 laetificas

313 2412 480 2479 civitatem
499 2423 607 2487 tuam,
634 2411 823 2496 fontemque
848 2411 1058 2496 baptismatis
1086 2411 1194 2496 aperis
1222 2422 1296 2478 toto
1322 2410 1403 2476 orbe

316 2526 475 2582 terrarum
498 2517 652 2600 gentibus
675 2515 878 2592 innovandis,
901 2526 938 2580 ut
960 2525 1038 2581 tuae
1061 2515 1243 2581 maiestatis
1264 2516 1404 2599 imperio

315 2629 426 2686 sumat
449 2620 621 2705 Unigeniti
643 2620 692 2685 tui
713 2620 854 2705 gratiam
876 2619 919 2684 de
942 2617 1069 2703 Spiritu
1092 2613 1226 2700 sancto,
1241 2619 1298 2704 qui
1319 2619 1403 2685 hanc

316 2744 437 2808 aquam
471 2725 700 2808 regenerandis
728 2713 915 2789 hominibus
947 2734 1176 2808 praeparatam
1206 2744 1325 2790 arcana
1353 2725 1404 2789 sui

316 2828 450 2893 luminis
471 2828 678 2894 admixtione
699 2827 860 2905 fecundet,
882 2836 927 2906 ut,
949 2825 1209 2893 sanctificatione
1234 2836 1404 2912 concepta,

316 2933 360 2998 ab
390 2932 602 2998 immaculato
631 2931 733 2996 divini
761 2931 861 2996 fontis
898 2941 991 2996 utero
1030 2931 1081 2995 in·
1101 2951 1222 2996 novam
1252 2939 1368 2997 renata
1377 2929 1404 2971 ¹²

317 3046 499 3102 creaturam
515 3036 688 3121 progenies
702 3035 849 3100 caelestis
865 3044 1021 3119 emergat,
1032 3044 1067 3099 et
1081 3054 1166 3116 quos
1180 3045 1238 3100 aut
1252 3055 1353 3100 sexus
1369 3036 1403 3099 in

316 3159 453 3223 corpore
463 3149 520 3205 aut
531 3149 623 3205 aetas
635 3138 788 3204 discernit
800 3138 832 3203 iu
844 3147 993 3221 tempore
1004 3158 1120 3203 omnes
1135 3137 1168 3202 in
1186 3137 1285 3202 una¹⁸
1296 3137 1404 3223 pariat

315 3243 421 3327 gratia
432 3252 536 3307 mater
544 3234 732 3323 insantia¹⁸J
748 3241 861 3307 Procul
871 3261 951 3325 ergo
961 3241 1037 3305 hinc
1049 3242 1184 3308 iubente
1195 3250 1238 3320 te,
1248 3240 1404 3320 Domine,

315 3347 423 3412 omnis
453 3335 586 3431 spiritus
616 3346 805 3410 immundus
828 3345 995 3422 abscedat,
1019 3344 1133 3429 procul
1156 3354 1229 3410 tota
1255 3345 1405 3429 nequitia

315 3449 499 3515 diabolicae
512 3450 633 3515 fraudis
647 3449 875 3546 absistatqnon
890 3447 1077 3513 insidiando
1097 3447 1321 3526 circumvolet,
1336 3468 1403 3514 non

315 3552 448 3618 latendo
462 3552 630 3637 subripiat,
642 3571 709 3616 non
720 3550 894 3616 inficiendo
905 3559 1101 3636 corrumpat.
1126 3549 1178 3616 Sit
1192 3550 1274 3616 haec
1288 3559 1405 3617 sancta

316 3664 349 3719 et
365 3655 520 3719 innocens
535 3664 684 3719 creatura
698 3653 800 3719 libera
822 3655 865 3718 ab
888 3653 979 3718 omni
1003 3654 1242 3737 impugnatoris
1263 3654 1404 3731 incursu,

316 3768 350 3824 et
363 3758 465 3823 totius
480 3759 645 3842 nequitiae
659 3767 797 3843 purgata
811 3758 967 3823 discessu.
1012 3755 1064 3822 Sit
1079 3756 1151 3822 lons
1165 3758 1266 3838 vivus,
1279 3778 1367 3841 aqua
1375 3756 1405 3796 ¹⁴

317 3882 520 3946 regenerans,
535 3863 624 3927 unda
639 3861 823 3946 purificans,
834 3871 872 3926 ut
883 3881 998 3925 omues
1013 3860 1076 3925 hoc
1092 3860 1223 3927 lavacro
1237 3860 1405 3926 salutifero

316 3966 470 4044 diluendi,
486 3977 641 4049 operante
663 3965 697 4029 in
719 3966 766 4030 eis
789 3964 916 4048 Spiritu
931 3973 1056 4043 sancto,
1070 3964 1269 4049 perfectae¹⁶
1284 3985 1404 4050 purga·

317 4070 414 4136 tionis
430 4068 666 4155 indulgentiam
684 4077 926 4153 consequantur
938 4068 975 4127 ¹⁸.

359 4173 427 4239 Hr'c
439 4175 557 4258 sigim

361 4294 460 4362 Unde
485 4294 643 4360 benedico
668 4305 711 4374 te,
737 4304 886 4359 creatura
915 4311 1032 4376 aquae,
1054 4312 1113 4376 per
1141 4292 1252 4357 Deum
1282 4293 1406 4370 vivum,

319 4417 377 4480 per
392 4398 502 4464 Deum
524 4408 682 4477 sanctum,
700 4418 759 4483 per
774 4399 884 4462 Deum
895 4395 922 4436 ¹²
938 4395 994 4478 qui
1014 4404 1048 4460 te
1071 4396 1104 4460 in
1127 4395 1289 4480 principio
1304 4397 1406 4460 verbo

319 4502 482 4586 separavit
496 4504 539 4568 ab
558 4503 649 4567 arida
658 4501 683 4541 ¹⁸
698 4512 732 4566 et
747 4502 780 4565 in
796 4511 938 4585 quatuor
952 4500 1144 4565 fluminibus
1159 4508 1264 4565 totam
1284 4510 1406 4565 terram

319 4607 425 4690 rigare
459 4607 633 4691 praecepit,
669 4606 726 4690 qui
759 4617 792 4670 te
826 4605 859 4668 in
894 4605 1027 4670 deserto
1059 4624 1208 4670 amaram
1244 4604 1407 4669 suavitate

320 4710 425 4775 indita
437 4709 463 4748 ¹⁹
487 4710 564 4775 iecit
590 4730 660 4774 csse
682 4708 863 4793 potabilem
889 4717 923 4773 et
949 4708 1074 4772 sitienti
1097 4706 1222 4792 populo
1247 4707 1290 4771 de
1313 4717 1407 4791 petra

320 4813 491 4896 produxit.
535 4813 698 4878 Benedico
713 4822 747 4877 te
762 4821 794 4877 et
809 4831 869 4897 per
884 4810 996 4876 Iesum
1013 4809 1184 4877 Christum
1200 4810 1319 4874 Filium
1337 4811 1408 4875 eius

321 4918 464 4997 unicum,
481 4917 660 4983 Dominum
676 4927 832 4994 nostrum,
849 4916 957 5001 quite
976 4916 1009 4980 in
1032 4915 1122 4981 Cana
1146 4914 1292 4980 Galileae
1313 4914 1409 4999 signo

320 5021 505 5087 admirabili
531 5041 591 5085 sua
617 5020 766 5105 potentia
787 5021 951 5087 convertit
972 5021 1006 5084 in
1028 5019 1163 5099 viuum;
1190 5019 1247 5102 qui
1269 5019 1410 5104 pedibus

250 5139 310 5197 ⁶⁷0
322 5144 420 5210 super
429 5134 463 5191 te
474 5124 665 5205 ambulavit,
677 5156 689 5181 ·
705 5134 738 5190 et
752 5145 773 5189 a
787 5121 911 5190 Ioanne
926 5123 959 5188 in
977 5123 1118 5190 Iordane
1129 5123 1162 5188 in
1175 5132 1210 5188 te
1225 5123 1411 5207 baptizatus
