3352 5828
299 390 362 475 176
579 399 707 456 LIBER
726 398 1114 457 SACRAMENTORUM
1267 397 1315 464 [11.
1326 403 1397 454 niv.

298 586 422 644 camus,
436 575 562 649 quanto
584 565 788 649 frequentius
810 574 991 649 martyrum
1013 562 1298 632 benedictionibus
1320 585 1398 631 con·

298 669 457 735 fovemur.
503 670 574 734 Per.

776 763 922 820 moron.

120 882 147 934 S·
345 875 493 960 Suscipe,
510 876 665 951 Domine,
683 895 820 940 munera
840 887 973 942 tuorum
993 875 1191 960 populorum
1208 877 1343 957 votiva;
1364 885 1399 942 et

121 947 265 1077 193&
300 990 490 1045 sanctorum
517 979 624 1044 Marci
649 988 684 1044 et
711 977 916 1044 Marcelliani
942 980 1002 1046 tibi
1029 980 1181 1064 precibus
1206 991 1303 1065 grata
1327 1000 1399 1046 esse

121 1077 270 1143 120⁰·304·
302 1084 456 1159 concede,
472 1104 533 1167 pro
547 1103 689 1167 quorum
704 1082 968 1149 solemnitatibus
982 1083 1191 1149 offeruntur¹.
1237 1085 1308 1151 Per.

730 1263 980 1323 Postoommun.

124 1385 276 1450 ctxitsupr.
348 1377 517 1453 Libantes,
545 1376 698 1456 Domine,
724 1397 858 1443 mensae
886 1385 964 1443 tuae
993 1377 1092 1442 beata
1114 1378 1280 1462 mysteria,
1302 1399 1402 1463 quae·

123 1452 262 1569 {⁸5²1}ss
303 1501 418 1547 sumus
433 1491 471 1545 ut
485 1481 658 1547 beatorum
679 1481 919 1548 interventione
937 1491 1126 1547 sanctorum
1142 1482 1247 1549 Marci
1262 1493 1296 1548 et
1312 1484 1402 1548 Mar·

124 1581 182 1669 ⁴⁶4
305 1585 434 1652 celliani
457 1595 491 1651 et
513 1582 755 1668 temporalem²
778 1585 873 1650 nobis
896 1586 1153 1652 misericordiam
1175 1586 1347 1654 conserant
1368 1596 1403 1653 et

304 1699 484 1755 aeternam.
529 1689 600 1754 Per.
813 1775 816 1780 ν

338 1825 433 1875 Ῥω.
445 1825 521 1875 omits
531 1823 574 1876 the
585 1824 667 1876 clause
672 1831 723 1890 pro
733 1840 859 1891 quorum.
874 1824 1061 1892 ..offeruntun
1146 1825 1322 1891 ’emmim
1334 1827 1404 1878 Pam.

792 2158 920 2216 XXIV.

422 2289 466 2354 Iu
490 2301 858 2356 nonsummum
882 2303 1097 2358 usnemun
1122 2290 1286 2358 Gnnsns1

725 2407 774 2458 ar
797 2393 987 2460 Pnoms11.

657 2531 741 2596 Item
761 2532 822 2597 :civ
842 2531 925 2596 Kal.
946 2531 1060 2599 Iulias.

128 2667 147 2719 S
354 2667 541 2750 Martyrum
561 2678 703 2745 tuorum,
720 2668 878 2747 Domine,
894 2669 1032 2734 Gerbasi
1053 2680 1087 2735 et
1109 2670 1238 2735 Protasi
1258 2670 1410 2736 natalitia

130 2732 205 2849 ἓξὲξ
215 2741 274 2859 Ξῖἔ
310 2767 528 2854 praeeuntes²
549 2771 715 2856 supplices
737 2782 772 2837 te
794 2792 958 2855 rogamus,
980 2781 1016 2836 ut
1040 2792 1125 2856 quos
1150 2772 1282 2838 caelesti
1304 2773 1410 2857 gloria

131 2864 233 2994 ᾖ.)
245 2941 300 2992 390·
311 2874 496 2939 sublimasti
512 2877 578 2940 tuis
593 2875 709 2940 adesse
724 2875 910 2941 concedas⁸
925 2875 1087 2941 fidelibus·
1133 2877 1204 2942 Per.

132 3013 201 3063 Pam
214 3023 271 3073 310.
358 2993 555 3061 Sanctorum
576 2995 715 3061 Gerbasi
735 3005 769 3061 et
788 2997 915 3062 Protasi
936 2997 1099 3081 suffragiis
1118 2995 1355 3081 imploramus⁴
1375 3007 1413 3061 ut

314 3120 335 3164 a
349 3101 485 3177 cunctis,
502 3099 654 3175 Domine,
673 3099 849 3166 liberemur
863 3100 1004 3165 offensis.
1050 3101 1121 3165 Per.

791 3279 936 3336 serrem
1425 3284 1486 3341 649

134 3404 153 3455 s
360 3388 572 3466 Sacrificium,
589 3389 746 3469 Domine,
761 3391 852 3474 quod
876 3410 937 3474 pro
959 3391 1082 3456 sanctis
1105 3388 1306 3474 martyribus
1328 3389 1411 3456 Ger·

135 3468 211 3584 ξιξ·
225 3476 280 3531 ¹³⁷·
315 3496 410 3560 basio
425 3503 459 3559 et
476 3494 650 3558 Protasio⁶
665 3494 837 3577 praevenit
855 3504 968 3558 nostra
985 3494 1127 3571 devotio,
1143 3515 1257 3560 eorum
1273 3493 1413 3560 merito·

136 3597 242 3731 gaola),
315 3597 411 3663 nobis
426 3606 556 3681 augeat,
573 3606 607 3662 te
622 3598 776 3673 donante,
792 3597 994 3683 suffragium.
1039 3597 1109 3663 Per.

742 3776 994 3834 Postoommun.

360 3888 494 3974 sumpti
509 3887 667 3969 sacrificii,
683 3890 838 3968 Domine,
854 3900 1015 3976 perpetua
1035 3911 1095 3956 nos
1115 3892 1213 3956 tuitio
1233 3910 1298 3957 non
1318 3889 1414 3955 relin-

273 4007 284 4088 ζ
316 4004 399 4080 quat
413 4004 447 4059 et
463 3995 567 4059 noxia
583 4014 716 4080 semper
730 4014 751 4058 a
766 3996 864 4061 nobis
879 4003 1000 4061 cuncta
1013 3994 1170 4079 depellat.
1213 3995 1323 4073 Peny

588 4226 684 4290 Iron
707 4239 749 4290 nc
772 4226 922 4292 Nnnnu
945 4240 997 4292 ur
1018 4240 1145 4293 sumn.

584 4340 588 4348 ¹
705 4364 773 4428 xiii
793 4361 875 4427 Kal.
898 4361 1034 4428 Iuliasl.

140 4506 167 4559 s.
364 4498 561 4564 Sanctorum
583 4499 789 4583 martyrum⁸
806 4520 878 4576 nos,
900 4499 1053 4576 Domine,
1073 4500 1211 4565 Gerbasi
1232 4510 1267 4565 et
1287 4501 1416 4566 Protasi

140 4573 285 4702 ffi’ssg‘
320 4603 479 4670 confessio
505 4605 604 4668 beata
627 4604 842 4680 communiat,
865 4613 899 4668 et
922 4602 1127 4690 fragilitatis⁹
1152 4614 1283 4671 nostrae
1308 4606 1417 4673 subsi-

141 4704 211 4755 Pam.
321 4709 413 4773 dium
428 4707 603 4791 dignanter
618 4717 744 4774 exoret.
790 4708 861 4774 Per.

141 4768 303 4833 (Ambason

142 4834 210 4884 Mem
223 4835 278 4883 108.
