3352 5828
291 821 415 888 mss]
596 822 809 881 somma
829 821 1073 881 accessus.
1321 825 1383 896 259

335 983 497 1065 Delicta²‚
530 986 682 1066 Domine,
716 1009 923 1073 quaesumus,
959 989 1132 1054 miseratus
1168 985 1313 1062 absolve,
1350 993 1383 1049 et
1409 987 1441 1038 R

288 1111 449 1174 aquarum
464 1092 611 1156 subsidia
620 1092 740 1176 praebe
755 1091 952 1166 caelestium,
964 1093 1224 1175 quibusterrena
1237 1088 1384 1157 conditio
1408 1053 1486 1170 4οζ34ἷ
1489 1066 1554 1180 434393

288 1204 444 1279 vegetata
461 1197 628 1262 subsistat.
672 1197 734 1262 Per
748 1196 929 1263 Dominum
945 1206 1103 1262 nostrum.
1125 1223 1147 1280 γ
1408 1185 1476 1237 Men
1488 1197 1543 1235 πα

762 1376 908 1434 fleorsts

335 1485 476 1565 Oblatis,
510 1487 664 1567 Domine,
701 1486 831 1571 placare
860 1489 1059 1566 muneribus,
1088 1498 1124 1552 et
1160 1495 1383 1573 opportunum
1410 1490 1441 1542 R

291 1590 398 1657 tribue
412 1590 529 1657 nobis³
544 1592 674 1675 pluviae
688 1590 878 1657 sufficientis
892 1590 1063 1657 auxilium.
1108 1585 1179 1657 Per
1202 1618 1223 1675 γ
1408 1556 1486 1674 4020
1491 1568 1555 1685 43434,

1410 1688 1480 1739 Men.
1493 1699 1548 1736 κιο.

713 1770 960 1828 Postoommnn.

335 1883 444 1949 Tuere
460 1883 554 1959 nos⁴,
568 1885 721 1954 Domine.
736 1904 942 1969 quaesumus,
957 1894 1015 1949 tua
1030 1893 1145 1949 sancta
1159 1892 1337 1958 sumentes,
1352 1894 1386 1949 et
1411 1883 1442 1935 lt

292 1988 336 2053 ab
351 1988 505 2054 omnibus
519 1988 681 2073 propitius
696 1986 830 2054 absolve
844 1988 996 2072 peccatis.
1043 1987 1112 2052 Per.
1135 2014 1156 2069 γ
1410 1950 1486 2067 {ab
1492 1963 1555 2078 43434,

325 2123 462 2174 'mmmm
472 2125 558 2185 Pam.;
574 2123 606 2175 V.
618 2125 694 2176 Gerb.
707 2125 775 2175 Men.
787 2131 883 2175 sstext.
988 2123 1126 2173 ¹.R.Psm
1140 2124 1209 2174 Men.
1221 2123 1295 2174 insert
1299 2123 1386 2188 fraga
1411 2081 1480 2132 44444
1494 2093 1549 2130 4444

292 2190 373 2239 litate}
386 2197 496 2246 nonme:
514 2191 657 2241 V.utext.
819 2189 1087 2241 mmsmsuel’m.
1099 2189 1185 2249 Meo.;
1203 2189 1232 2238 V
1246 2189 1386 2239 Kastext.

292 2255 301 2284 ⁴
320 2256 350 2307 R
364 2257 507 2316 ominum
525 2256 557 2306 V.
569 2256 638 2306 Pam.
650 2255 824 2306 Μαικία.

791 2492 896 2548 nv.

648 2625 742 2690 lrsu
765 2636 853 2689 sun
876 2623 1001 2688 M1sss.

340 2760 562 2847 Omnipotens
592 2763 789 2848 sempiterne
819 2762 921 2842 Deus,
944 2762 1034 2828 cuius
1067 2781 1202 2828 munere
1226 2760 1390 2827 elementa
1414 2767 1491 2819 Gerb·
1502 2781 1560 2832 ³0¹·

296 2866 409 2931 omnia
438 2875 632 2943 recreantur,
664 2866 867 2932 reminiscere
892 2865 1149 2931 miserationum
1185 2874 1325 2945 tuarum,
1355 2873 1390 2930 et
1415 2833 1523 2886 4444444
1526 2847 1552 2886 4

296 2969 482 3035 salutiferos
505 2970 627 3036 imbres
649 2970 794 3035 humano
816 2970 926 3054 generi
946 2970 1089 3036 concede
1111 2969 1282 3054 propitius,
1307 2989 1389 3053 qua·

295 3081 393 3138 tenus
407 3075 614 3140 iocunditatis
629 3081 706 3138 tuae
720 3073 881 3138 alimoniis
895 3074 1003 3138 omnis
1018 3083 1103 3137 terra
1118 3072 1265 3137 laetetur.
1302 3072 1375 3137 Per.

341 3194 564 3277 Omnipotens
579 3193 777 3278 sempiterne
800 3192 902 3268 Deus,
918 3168 1060 3278 petimus
1078 3191 1224 3257 divinam
1246 3190 1390 3259 clemen·

296 3298 378 3362 tiam
401 3306 494 3362 tuam
518 3307 555 3362 ut
585 3297 700 3364 faciem
724 3297 826 3362 totius
851 3305 956 3360 terrae
982 3294 1199 3380 largioribus¹
1229 3295 1417 3361 imbribus.

297 3400 431 3483 irrigare
452 3401 605 3483 digneris,
630 3396 814 3485 surasque²
833 3400 980 3464 salubres
1003 3400 1136 3476 tribuas,
1160 3407 1261 3482 atque
1283 3399 1390 3482 aegris

296 3506 432 3570 restitue
447 3505 618 3590 pristinam
633 3505 807 3570 sanitatem
821 3525 830 3582 ;
852 3512 886 3570 et
908 3505 1036 3567 animae
1054 3523 1141 3586 quae
1155 3503 1389 3587 promissiones

294 3615 370 3672 tuas
385 3607 499 3673 sitiunt
520 3609 564 3672 de
585 3618 643 3672 tua
666 3628 796 3692 semper
816 3607 954 3674 caritate
975 3605 1179 3671 abundantia
1194 3605 1389 3690 repleantur.

295 3709 368 3776 Per.

340 3832 432 3896 Deus
454 3832 511 3916 qui
535 3832 578 3897 ad
599 3831 792 3897 mutandam
810 3831 893 3897 aeris
916 3829 1109 3914 qualitatem
1131 3830 1240 3914 operis
1261 3829 1389 3896 caelum

260 3986 268 4003 .
296 3936 446 4014 nubibus,
461 3946 496 4001 et
516 3957 613 4020 paras
630 3944 735 4001 terrae
755 3936 910 4019 pluviam,
926 3936 1016 4019 aperi
1037 3933 1163 3999 sontem
1177 3934 1391 4017 benignitatis

296 4047 384 4116 tuae,
406 4048 440 4104 et
465 4050 586 4105 terram
611 4039 796 4122 squalidam
821 4048 855 4103 et
879 4038 1064 4103 ariditatem
1091 4037 1280 4121 pulveream
1303 4036 1391 4102 laeto

297 4142 402 4206 imbre
416 4142 566 4219 secunda,
576 4152 612 4207 ut
628 4142 786 4227 recepisse
800 4161 861 4206 nos
872 4141 988 4206 venia³
1004 4151 1223 4224 peccatorum,
1241 4150 1391 4206 cessante

299 4246 365 4310 iam
381 4248 595 4330 correptione,
610 4247 781 4312 laetemur.
822 4246 894 4311 Per.

772 4427 916 4485 Secreta

343 4539 488 4618 Placare,
505 4540 660 4619 Domine,
675 4542 864 4607 muneribus
886 4562 1017 4625 semper
1038 4541 1194 4625 acceptis,
1211 4551 1244 4607 et
1267 4542 1392 4608 diutur·
1417 4551 1494 4604 Get.
1506 4565 1563 4615 ραι.

298 4664 375 4709 nam
390 4643 563 4728 tempera⁴
578 4645 704 4710 diffusis
717 4645 860 4712 nubibus
874 4646 1066 4712 siccitatem.
1111 4646 1183 4711 Per.
1417 4618 1484 4670 ΜΦ
1499 4631 1555 4669 ²¹⁰

723 4822 973 4881 Postoommua

343 4935 500 5001 Precibus
514 4935 628 5020 populi
646 4936 703 5014 tui,
719 4935 874 5014 Domine,
888 4955 1098 5019 quaesumus,
1113 4936 1263 5022 placatus
1277 4935 1392 5021 aspira,
1418 4952 1494 5005 cers
1506 4965 1561 5015 202.

228 5050 337 5116 mut
360 5041 491 5105 veniam
516 5040 642 5105 tribuas
667 5039 725 5104 hu·
728 5040 834 5105 manis
853 5041 1063 5118 excessibus3
1088 5050 1121 5105 et
1145 5061 1243 5126 opem
1268 5041 1393 5106 miseris
1417 5019 1554 5071 4444444·

300 5144 462 5229 benignus
480 5143 663 5229 impende.
708 5144 771 5209 Per
785 5144 968 5210 Dominum
983 5154 1153 5210 nostrum.-

822 5262 840 5312 S
857 5266 876 5312 2
