3352 5828
278 761 300 814 1.
311 762 387 830 nur]
589 762 803 820 ROMANAE
822 760 1064 819 accaESIAE.
1331 752 1373 841 83

278 926 450 1013 Aegyptia
464 925 633 993 liberando
648 927 809 992 dexterae
823 935 901 992 tuae
922 926 1074 1012 potentia
1091 925 1271 1006 contulisti,
1285 923 1321 994 id
1337 926 1372 992 in
1396 933 1464 985 Μιι.
1476 934 1503 986 it

277 1029 418 1096 salutem
434 1032 582 1116 gentium
597 1050 657 1115 per
670 1051 791 1115 aquam
803 1029 1062 1115 regenerationis
1072 1030 1229 1114 operaris,
1239 1039 1373 1116 praesta
1399 1001 1455 1065 ¹⁴⁸⁶

202 1139 263 1198 667
278 1142 316 1200 ut
344 1143 378 1200 et
407 1135 441 1199 in
458 1166 470 1191 ο
485 1134 644 1201 Abrahae
677 1133 762 1200 filios
795 1144 830 1200 et
860 1133 895 1200 in
927 1132 1143 1200 Israeliticam
1173 1134 1371 1220 dignitatern

276 1237 380 1304 totius
395 1239 509 1305 mundi
523 1248 668 1304 transeat
682 1237 864 1323 plenitudo.
910 1238 980 1304 Per.
995 1264 1016 1320 γ

318 1343 362 1406 In
375 1343 484 1409 Esaia
498 1364 529 1408 v.

320 1462 540 1548 Omnipotens
568 1464 768 1548 sempiterne
798 1463 901 1543 Deus,
931 1461 1116 1549 multiplica
1145 1463 1178 1528 in
1208 1463 1334 1530 honore
1345 1463 1372 1503 ¹⁰
1398 1477 1466 1530 Rs.
1478 1479 1520 1542 (6)

276 1567 417 1634 nominis
432 1567 481 1634 tui
495 1568 585 1652 quod
600 1578 732 1653 patrum
748 1567 826 1633 fidei
839 1567 1049 1653 spopondisti
1057 1565 1082 1607 ¹¹
1095 1578 1130 1634 et
1145 1567 1371 1653 promissionis
1396 1544 1528 1662 {ffiffl

276 1669 360 1737 filios
385 1693 478 1740 saera
503 1672 684 1757 adoptione
706 1672 820 1748 dilata.
846 1682 883 1738 ut
906 1672 997 1755 quod
1020 1672 1144 1756 priores
1165 1672 1273 1737 sancti
1303 1692 1370 1738 non
1397 1678 1453 1742 14⁸·

275 1774 509 1842 dubitaverunt
530 1775 685 1857 futurum,
700 1776 838 1843 ecclesia
859 1787 918 1842 tua
940 1796 1064 1860 magna
1085 1777 1152 1841 iam
1175 1785 1271 1861 parte
1293 1796 1370 1862 cog·

275 1888 389 1945 noscat
407 1880 591 1965 impletum.
637 1881 743 1964 Peny

316 1983 358 2048 In
371 1983 527 2050 Euchr'el
537 1986 581 2050 vi.

318 2105 422 2181 Deus,
446 2105 503 2187 qui
529 2124 591 2171 nos
616 2105 660 2170 ad
686 2105 920 2171 celebrandurn
947 2103 1103 2190 paschale
1125 2115 1369 2171 sacramentum
1395 2119 1464 2173 Rs
1477 2121 1516 2186 (8)

276 2208 443 2293 utriusque
453 2206 479 2246 ¹²
494 2209 682 2275 testamenti
697 2209 827 2296 paginis
845 2208 1003 2288 imbuisti,
1018 2209 1063 2273 da
1077 2207 1173 2275 nobis
1187 2207 1371 2293 intelligere
1395 2186 1526 2304 wll*

276 2311 514 2378 misericordias
534 2323 609 2379 tuas
616 2311 654 2391 ¹³,
669 2324 706 2378 ut
721 2332 766 2378 ex
782 2313 996 2398 perceptione
1010 2313 1235 2397 praesentium
1252 2332 1369 2378 mune·
1396 2319 1453 2383 ¹4⁸·

275 2435 347 2480 rum
362 2414 458 2482 firma
473 2416 517 2481 sit
530 2417 722 2502 expectatio
738 2418 933 2483 futurorum.
976 2415 1046 2481 Per.
1061 2443 1083 2499 γ

319 2521 370 2584 vii
383 2520 419 2585 in
433 2520 544 2586 Esaia
560 2543 633 2586 cum
646 2521 769 2587 cantr'co
775 2521 883 2587 Vinea
898 2521 1044 2586 Domini.

319 2640 422 2716 Deus,
452 2641 510 2724 qui
539 2642 572 2705 in
601 2642 754 2707 omnibus
782 2641 940 2708 ecclesiae
970 2649 1050 2707 tuae
1075 2640 1151 2705 filiis
1180 2651 1369 2708 sanctorum
1395 2656 1526 2790 κεῖ)

277 2743 513 2829 prophetarum
533 2765 614 2812 voce
634 2744 851 2811 manifestasti
874 2744 907 2810 in
929 2746 1021 2810 omni
1043 2745 1118 2810 loco
1136 2746 1370 2811 dominationis
1395 2723 1501 2841 (ἔξω

277 2855 355 2912 tuae
365 2856 510 2913 satorem
525 2858 559 2913 te
577 2847 738 2914 bonorum
758 2850 933 2928 seminum,
947 2858 982 2914 et
996 2847 1177 2916 electorum
1192 2849 1369 2934 palmitum
1397 2866 1452 2920 ¹49·

276 2971 348 3016 ease
367 2951 528 3017 cultorem
537 2949 575 3027 ¹⁴,
590 2951 700 3018 tribue
721 2952 853 3038 populis
869 2953 941 3030 tuis,
956 2953 1014 3035 qui
1033 2962 1067 3018 et
1088 2954 1256 3019 vinearum
1278 2954 1369 3037 apud

276 3062 311 3118 te
334 3055 466 3119 nomine
490 3065 665 3120 censentur
688 3063 722 3119 et
747 3066 907 3140 segetum,
921 3054 993 3120 ut¹⁶
1017 3056 1187 3140 spinarum
1205 3068 1240 3122 et
1265 3058 1367 3123 tribu·

275 3156 381 3221 lorum
394 3158 558 3242 squalore
580 3169 726 3224 resecato
749 3159 840 3243 digni
852 3158 878 3198 ¹⁸
900 3157 1086 3224 efficiantur
1108 3158 1202 3244 fruge
1223 3160 1367 3226 fecundi.

275 3260 377 3344 Per·y

316 3366 400 3431 Item
415 3367 451 3432 in
465 3366 582 3432 Exodo
596 3366 668 3432 viii.

317 3486 415 3562 Deus,
437 3487 493 3570 qui
516 3487 740 3552 diversitatem
762 3487 910 3552 omnium
934 3487 1085 3570 gentium
1108 3488 1142 3552 in
1164 3488 1369 3555 confessione
1393 3501 1464 3553 Rs„
1492 3503 1532 3570 11)

273 3588 322 3652 tui
337 3589 479 3653 nominis
494 3610 598 3654 unum
620 3610 693 3654 esse
714 3588 869 3669 iecisti¹l,
883 3590 928 3654 da
948 3589 1045 3655 nobis
1065 3599 1099 3655 et
1113 3590 1200 3656 velle
1220 3602 1255 3658 et
1269 3612 1368 3676 posse
1393 3566 1500 3684 (ᾗ)

272 3689 397 3775 quod¹⁸
412 3693 584 3776 praecipis,
595 3702 633 3758 ut
655 3693 779 3778 populo
799 3693 842 3759 ad
865 3692 1096 3759 aeternitatem
1111 3704 1231 3760 vocato
1245 3715 1312 3760 una
1325 3695 1367 3760 sit
1395 3711 1451 3763 144

272 3793 352 3861 fides
366 3796 527 3862 mentium
541 3806 576 3861 et
589 3797 695 3882 pietas
710 3799 887 3864 actionum.
931 3796 1002 3861 Per.
1019 3822 1039 3879 γ

315 3900 351 3964 ix
371 3900 414 3965 In
427 3899 682 3986 Deuteronomio,
696 3924 769 3966 cam
782 3901 914 3967 cariaco.

316 4020 408 4086 Deus
427 4020 587 4087 celsitudo
605 4022 789 4103 humilium,
804 4014 841 4087 et
854 4021 1014 4088 fortitudo
1029 4029 1214 4101 rectorum3
1236 4022 1294 4106 qui
1308 4041 1368 4106 per
1392 4037 1423 4088 R
1435 4037 1461 4089 s
1474 4035 1530 4102 (ιι)

272 4135 421 4191 sanctum
450 4125 592 4209 Moysen
616 4145 754 4210 puerum
780 4137 875 4193 tuum
901 4127 948 4190 ita
971 4125 1101 4191 erudire
1126 4124 1367 4210 populostuos
1392 4103 1522 4221 fimf

272 4229 355 4293 sacri
370 4229 523 4295 carminis
537 4229 586 4294 tui
605 4230 836 4296 decantatione
849 4229 993 4306 voluisti,
1008 4239 1046 4295 ut
1063 4229 1118 4295 illa
1137 4229 1220 4314 legis
1235 4229 1367 4294 iteratio
1395 4247 1450 4301 ¹4⁹·

272 4331 365 4398 fieret
380 4334 480 4398 etiam
496 4342 608 4399 nostra
626 4334 772 4412 directio,
788 4334 901 4399 excita
916 4334 949 4398 in
965 4354 1100 4399 omnem
1116 4333 1366 4400 iustificatamrn

271 4438 422 4522 gentium
443 4437 679 4523 plenitudinem
699 4438 887 4523 potentiam
901 4447 1006 4517 tuam,
1025 4449 1060 4504 et
1076 4433 1183 4526 [dall]
1204 4437 1366 4504 laetitiam

272 4541 456 4627 mitigando
484 4553 650 4618 terrorem,
677 4551 723 4618 ut,
748 4541 899 4607 omnium
923 4542 1068 4626 peccatis
1091 4553 1150 4608 tua
1172 4541 1366 4607 remissione

272 4645 398 4722 deletis,
423 4645 514 4729 quod
539 4645 771 4712 denuntiatum
797 4653 848 4710 est
873 4645 907 4708 in
935 4645 1096 4711 ultionem
1105 4644 1135 4686 ²⁰
1158 4654 1306 4711 trauseat
1331 4645 1366 4709 in

270 4747 420 4813 salutem.
465 4749 570 4832 Pery

198 4858 258 4918 568
313 4851 357 4916 In
370 4851 509 4917 Daniele
520 4873 554 4917 x.

314 4967 538 5054 Omnipotens
560 4968 758 5052 sempiterne
787 4966 892 5046 Deus,
921 4988 998 5053 spes
1027 4968 1125 5032 unica
1154 4969 1278 5047 mundi,
1307 4967 1365 5052 qui
1391 4974 1527 5041 Rana)

271 5073 508 5159 prophetarum
544 5083 675 5139 tuorum
713 5072 891 5157 praeconio
924 5072 1147 5157 praesentium
1175 5080 1363 5157 temporum
1390 5041 1520 5156 Μ*

785 5185 810 5236 G
827 5189 846 5237 2
1392 5184 1447 5236 ¹50·
