3352 5828
299 773 319 825 1.
331 770 409 839 mn]
608 770 820 829 noMANAs
841 769 1086 828 accessma.
1332 775 1391 843 147

299 933 329 986 oi
336 935 380 986 the
389 933 440 986 fact
450 934 504 985 that
514 934 556 986 the
566 936 630 986 form
641 936 679 986 ior
689 934 845 987 benediction
861 935 891 986 oi
903 934 995 1001 virgins
1006 933 1106 985 follows
1116 933 1154 998 (in
1170 932 1213 986 ciii
1228 931 1312 999 infra)
1328 930 1391 982 niter

298 1001 342 1052 the
352 1000 429 1052 roms
439 1001 544 1067 rehum
560 1009 587 1052 to
602 1001 761 1052 ordinatione.
795 1001 819 1052 It
836 1016 940 1068 uppem
957 1001 983 1051 in
998 999 1041 1051 the
1057 1006 1148 1051 maner
1163 998 1288 1066 prefatory
1303 1005 1332 1049 to
1347 997 1391 1048 the

298 1066 364 1116 form
375 1066 441 1117 cited
454 1065 533 1117 below
544 1066 606 1117 irom
618 1066 772 1131 Gerb.iL95
786 1064 1122 1131 (seenotesonciiiio‘ro).
1253 1063 1273 1095 ¹⁹
1287 1062 1390 1129 nemi·

299 1132 365 1197 scopi
374 1130 407 1182 V.
418 1129 494 1182 Gerb.
504 1132 530 1182 ii.
542 1146 589 1197 953
605 1131 826 1198 Brunnffnmm,
898 1133 927 1219 3)
939 1131 1010 1183 reads
1023 1146 1068 1181 suo
1079 1131 1192 1197 episcopo.
1226 1129 1282 1183 Tne
1297 1143 1390 1180 correo·

298 1144 995 1263 nonadoptedinthetextisthstowofflsnote.

778 1544 900 1602 xovl.

225 1683 283 1742 621
402 1674 497 1741 Imu
520 1685 814 1741 sunnmcmouus
837 1686 956 1740 suren
979 1685 1046 1739 uos
1069 1685 1136 1752 Q111
1160 1684 1288 1740 sacrus

521 1791 726 1845 onmmsus
747 1790 1010 1844 adnumerum
1034 1774 1168 1842 sunr1.

634 1917 849 1981 Praesumo
871 1914 1052 1981 Osmmu
1087 1922 1089 1928 ·

344 2037 454 2102 Deum
466 2037 597 2102 Patrem
613 2038 873 2121 omnipotentem
888 2034 1081 2119 suppliciter
1095 2033 1309 2117 deprecemur
1316 2029 1339 2110 ⁸,
1355 2042 1392 2099 ut
1417 2043 1489 2095 Mne

300 2140 386 2205 hunc
408 2138 569 2205 famulum
590 2161 697 2218 suum,
711 2139 843 2204 nomine
865 2137 998 2216 Illum⁸‚
1014 2137 1209 2202 benedicere
1230 2137 1392 2222 dignetur,
1418 2110 1505 2160 Μ
1513 2107 1572 2160 ⁶⁶¹·

300 2264 401 2327 quem
423 2245 456 2309 in
478 2242 624 2310 officium
646 2243 770 2310 ostiarii
793 2243 916 2326 eligere
935 2241 1092 2326 dignatus
1114 2237 1212 2319 est⁴3
1234 2250 1272 2305 ut
1294 2241 1338 2305 sit
1363 2240 1393 2304 ei
1416 2239 1562 2356 tuffilmp„

301 2347 491 2414 fidelissima
514 2346 616 2414 cura³
642 2348 675 2412 in
699 2347 817 2413 diebus
840 2366 880 2412 ac
902 2345 1054 2410 noctibus
1076 2344 1120 2409 ad
1147 2344 1392 2410 distinctionem
1463 2343 1471 2357 ‘

301 2452 455 2518 horarum
484 2462 647 2520 certarum
673 2453 717 2518 ad
741 2450 962 2517 invocandum
986 2467 1109 2515 nomen
1136 2447 1284 2514 Domini.
1333 2448 1396 2513 Per

303 2557 485 2622 Dominum
497 2558 554 2640 ir

625 2661 709 2726 Item
726 2658 909 2726 Benedictio
921 2659 1071 2725 eiusdm.

347 2780 491 2846 Domine
511 2791 634 2858 sancte,
658 2781 756 2846 Pater
777 2781 995 2864 omnipotens,
1016 2789 1151 2844 aeterne
1173 2777 1275 2856 Deus,
1295 2777 1394 2843 bene-

303 2885 412 2950 dicere
441 2885 585 2967 digneris
614 2884 701 2950 hunc
730 2883 890 2948 famulum
921 2893 1016 2949 tuum
1050 2881 1232 2960 ostiarium,
1262 2880 1395 2946 nomine

303 2984 436 3061 sumt,
461 2997 497 3052 ut
517 2989 602 3052 inter
620 2989 775 3053 ianitores
793 2985 949 3052 ecclesiae
964 2992 1058 3068 paret
1072 2983 1242 3068 obsequia,
1256 2993 1290 3049 et
1310 2984 1395 3049 inter

302 3088 424 3156 electos
438 3098 513 3156 tuos
528 3100 656 3175 partem
668 3089 858 3156 ⁸‘mereatur
871 3089 995 3155 habere
1010 3088 1178 3154 mercedis.
1224 3087 1296 3152 Per.
1314 3113 1335 3169 γ

632 3313 843 3379 musmo
865 3312 1061 3377 Laccorus.

346 3433 482 3518 Eligunt
502 3443 536 3499 te
553 3432 670 3499 iratres
690 3434 747 3509 tui,
764 3443 800 3498 ut
822 3433 868 3498 sis
889 3433 992 3498 lector
1010 3432 1044 3496 in
1063 3432 1165 3496 domo
1189 3430 1252 3495 Dei
1266 3430 1338 3495 tui:
1361 3439 1395 3496 et

301 3537 484 3622 agnoscas⁹
498 3537 640 3603 officium
656 3545 751 3601 tuum
766 3547 803 3603 ut
821 3535 961 3620 impleas
979 3533 1080 3599 illud:
1104 3544 1224 3618 potens
1239 3542 1291 3598 est
1305 3535 1393 3598 enim

303 3638 404 3714 Deus,
420 3646 456 3702 ut
471 3647 592 3722 augeat
607 3637 668 3702 tibi
683 3637 832 3719 gratiam.
877 3635 948 3701 Per.
963 3662 984 3718 γ

644 3822 827 3890 Benedictio
843 3824 990 3890 lectorii
1000 3821 1037 3886 ¹⁰.

347 3948 490 4013 Domine
510 3956 630 4024 sancte,
653 3947 753 4012 Pater
773 3946 996 4031 omnipotens,
1014 3953 1147 4011 aeterne
1169 3943 1271 4021 Deus,
1291 3945 1394 4011 bene·

303 4052 411 4117 dicere
421 4052 564 4136 digneris
573 4050 663 4116 hunc
674 4049 833 4115 famulum
847 4057 942 4115 tuum
951 4049 1086 4113 nomine
1096 4047 1198 4113 Illum
1211 4048 1244 4112 in
1253 4046 1393 4114 officio¹¹

304 4155 443 4233 lectoris,
457 4164 494 4219 ut
508 4155 701 4220 assiduitate
715 4153 894 4220 lectionum
910 4153 1084 4219 distinctus
1100 4161 1201 4236 atque
1214 4163 1349 4218 omatus
1360 4148 1395 4232 ¹¹,

304 4261 389 4326 curis
421 4259 561 4324 modulis
572 4258 600 4298 ¹⁸
634 4258 771 4343 spiritali
808 4258 987 4324 devotione
997 4255 1026 4297 ¹⁴
1059 4266 1191 4322 resonet
1227 4257 1394 4324 ecclesiae.

304 4364 368 4430 Per
382 4365 572 4430 Dominum.
586 4391 607 4446 γ

604 4554 819 4619 Pmarnmo
843 4552 1093 4619 Exoncmmn

348 4676 459 4740 Deum
475 4675 604 4741 Patrem
619 4675 881 4758 omnipotentem
899 4671 1065 4756 supplices
1081 4672 1296 4757 deprecemur
1303 4669 1342 4749 ¹⁸,
1360 4681 1397 4736 ut

303 4778 391 4844 hunc
410 4776 570 4844 famulum
586 4798 695 4853 suum,
709 4777 842 4842 nomine
863 4774 966 4839 Illum
976 4772 1012 4853 ¹⁸,
1026 4775 1221 4841 benedicere
1242 4776 1397 4856 dignetur

303 4883 336 4946 in
374 4879 552 4948 officium¹⁷
589 4882 783 4958 exorcistae,
813 4889 850 4944 ut
880 4879 924 4944 sit
953 4878 1109 4963 spiritalis
1141 4880 1321 4962 imperator
1352 4878 1395 4943 ad

303 4985 493 5050 abiciendus
522 4987 700 5050 daemones
728 4985 772 5050 de
800 4984 996 5068 corporibus
1024 4983 1168 5049 obsessis
1194 5003 1269 5048 cum
1304 4982 1396 5047 omni

304 5091 448 5176 nequitia
463 5111 577 5155 eorum
594 5089 793 5154 multiformi.
838 5088 901 5152 Per
912 5087 971 5170 ’.γ

817 5206 840 5256 1.
857 5209 875 5257 2
