3352 5828
356 358 419 446 368
787 365 1020 424 annuum.

175 543 306 679 mppr.
770 530 841 591 Item
855 532 915 593 altit
928 530 1034 592 Multa.

457 647 607 710 Ecclesiae
626 656 694 710 tuae
712 645 789 708 Due.
810 665 898 709 voces
917 646 1047 727 placatus

458 748 507 809 Ab
526 748 663 809 omnibus
682 765 737 809 nos
757 746 880 809 defende
900 765 930 827 q.
951 744 1028 808 Dne.
1050 762 1166 826 semper

459 845 618 910 Offerimus
637 846 689 908 tibi
708 845 784 907 Dne.

619 977 720 1057 <Herc
734 977 845 1040 follows
858 977 906 1038 tbe
922 976 1022 1038 Conon
1035 975 1190 1054 Acti‘om‘s.)

461 1090 566 1176 [Quod
585 1112 636 1156 ore
656 1094 834 1172 sumpsimus
853 1091 931 1154 Due.
950 1100 1049 1153 mente
1068 1086 1232 1173 capiamus]

441 1189 653 1275 *[Conservent
672 1210 728 1253 nos
747 1211 778 1273 q.
798 1190 867 1252 Dne
887 1209 1011 1252 munera
1028 1186 1092 1273 tua]

497 1324 556 1405 (R.
570 1326 671 1388 inserts
683 1324 753 1387 bere
765 1344 783 1386 a
796 1324 884 1386 serica
897 1323 933 1386 ol
941 1322 1223 1386 Postcommuniona
1265 1321 1322 1384 See

734 1422 1076 1504 massanellus>

636 1590 706 1652 Item
719 1588 925 1651 Bmedr'cb'ones
937 1599 1022 1667 super
1034 1588 1184 1666 Populum.

461 1705 537 1768 Dne.
558 1725 581 1767 s.
601 1705 635 1766 P.
654 1724 683 1767 o.
704 1717 760 1767 aet.
780 1704 819 1765 D.
840 1705 877 1767 de
899 1705 1079 1766 abundantia

462 1802 591 1882 Gregem
611 1814 694 1864 tuum
713 1803 818 1865 Pastor
838 1803 917 1864 bone
938 1802 1070 1882 placatus

462 1899 604 1986 [Benedic
623 1901 698 1962 Duc.
719 1901 795 1963 banc
817 1901 956 1962 familiam
976 1896 1072 1983 tuam]

460 2000 618 2063 Benedicat
638 2020 689 2062 vos
710 2001 747 2061 D.
768 2000 851 2061 omni
871 1999 1074 2061 benedictione

461 2098 557 2159 Plebis
576 2108 643 2158 tuae
663 2117 692 2176 q.
712 2097 788 2158 Dnc.
809 2097 847 2158 ad
868 2108 897 2159 te
917 2096 1007 2158 corda

461 2196 620 2276 Propitiare
640 2196 749 2275 populo
770 2209 822 2257 tuo
843 2193 880 2256 D.
903 2207 936 2256 ut
956 2214 975 2254 a
995 2195 1054 2255 suis

438 2332 440 2336 -
463 2295 561 2356 Tuere
580 2294 657 2355 Dne.
677 2294 815 2354 familiam
835 2304 916 2355 tuam
936 2305 966 2354 et
986 2292 1161 2372 spiritalibus

461 2389 595 2474 [Familia
614 2405 663 2453 tua
683 2391 720 2452 D.
742 2402 772 2453 et
792 2391 830 2452 ad
850 2389 1038 2474 celebranda]

463 2487 590 2572 [Fideles
609 2501 675 2552 tuos
695 2490 771 2551 Due.
792 2510 820 2569 q.
843 2486 980 2573 corpore]

462 2585 634 2671 [Propitiare
654 2587 729 2649 Dnc.
749 2589 860 2668 populo
881 2599 932 2649 tuo
952 2603 981 2648 et
1001 2588 1039 2648 ab
1060 2581 1209 2666 omnibus]

444 2684 588 2769 s[Adesto
608 2686 683 2747 Due.
704 2688 881 2767 supplicibus
901 2688 958 2748 tuis
978 2697 1008 2749 et
1028 2683 1113 2768 nihil]

390 2781 397 2793 '
464 2781 526 2866 [Da
545 2802 574 2863 q.
595 2785 670 2845 Dne.
690 2785 799 2864 populo
818 2794 871 2845 tuo
891 2795 920 2844 et
940 2779 1084 2865 mentem]

465 2879 598 2965 [Plebem
619 2885 729 2944 nomini
750 2893 801 2944 tuo
822 2883 968 2944 subditam
989 2879 1078 2964 Dne]

407 3131 488 3191 Here
509 3132 558 3193 the
580 3132 609 3192 S.
630 3132 734 3193 Gallen
755 3132 822 3194 MS.
843 3153 909 3194 now
931 3134 1013 3206 ends,
1037 3132 1085 3193 the
1109 3131 1164 3192 last
1184 3132 1336 3210 gathering
1358 3132 1393 3193 ot'
1410 3132 1459 3194 the

365 3228 482 3289 volume
501 3229 608 3307 having
628 3231 797 3307 apparently
817 3231 875 3290 lost
895 3231 931 3290 its
952 3230 1006 3290 last
1026 3229 1091 3291 leaf.
1135 3229 1202 3289 The
1224 3229 1360 3290 Rheiuau
1383 3229 1459 3302 MS.

365 3325 460 3386 which
470 3327 558 3386 omits
568 3327 616 3387 thc
627 3326 681 3387 last
690 3327 734 3387 six
746 3329 781 3388 oi
787 3327 835 3388 the
845 3325 1052 3387 Benedictiomr
1062 3337 1144 3405 super
1153 3327 1293 3405 Populum
1304 3329 1460 3391 contained

365 3425 396 3484 in
417 3423 465 3484 the
488 3424 517 3485 S.
537 3424 642 3486 Gallcn
664 3423 739 3499 MS,
761 3426 834 3487 adds
854 3445 911 3487 one
932 3426 1027 3488 which
1052 3425 1125 3487 does
1145 3439 1197 3488 not
1218 3445 1327 3506 appear
1349 3439 1380 3489 at
1403 3428 1460 3490 this

365 3524 449 3602 point
462 3524 492 3582 in
505 3523 553 3584 the
568 3524 650 3586 latter
658 3544 709 3586 :-
1296 3527 1298 3531 ’

466 3645 617 3706 Familiam
637 3647 814 3726 tuumfflDne.
835 3647 965 3726 pervigili
986 3646 1046 3728 (see
1060 3646 1150 3710 Gerb.
1164 3666 1192 3726 p.
1207 3651 1290 3726 239).

406 3767 490 3829 Alter
509 3768 558 3830 the
581 3769 661 3849 eight
687 3770 894 3831 Boudictrbner
917 3782 1001 3849 super
1023 3771 1165 3849 Populum
1189 3771 1300 3832 follows
1310 3771 1461 3852 :-Expli·

366 3866 446 3927 ciunt
466 3868 682 3929 benedictiones
702 3869 771 3928 anni
793 3868 892 3928 circuli
913 3879 957 3930 est
975 3887 1113 3929 numerus
1133 3869 1211 3929 lxxii.
1254 3870 1360 3950 Incipit
1373 3869 1462 3932 Liber

369 3966 515 4027 secundus
528 3966 565 4027 de
579 3978 706 4028 eruema
720 3977 810 4046 parte.
853 3967 1010 4029 Orationes
1024 3967 1062 4027 ad
1074 3968 1230 4028 matutinis.

609 4109 753 4169 Matutina
774 4108 938 4187 supplicum
960 4119 1027 4170 vota

610 4208 717 4268 Emitte
738 4227 766 4286 q.
788 4206 864 4268 Dne.
885 4208 981 4269 lucem

610 4305 648 4367 D.
669 4308 719 4384 qui
738 4307 817 4366 diem
837 4307 979 4368 discernis
999 4326 1035 4368 ac
1056 4317 1140 4369 nocte
1161 4305 1225 4388 (sic)

189 4465 266 4516 Gerb.
277 4480 320 4529 pp.
735 4449 786 4507 Al.
800 4452 936 4508 orationes
949 4450 992 4508 ad
1008 4448 1101 4526 Vespi.

190 4545 312 4595 ²4¹'²⁴²’
611 4562 729 4624 Oriatur
748 4562 822 4624 Dne.
845 4564 1029 4625 nascentibus

611 4661 697 4721 Tuus
717 4672 759 4722 est
779 4662 841 4722 dies
861 4661 937 4723 Dne.
959 4674 988 4723 et
1008 4676 1056 4723 tua
1168 4710 1171 4718 .
