3352 5828
267 787 288 840 1.
299 784 381 851 xcix]
578 784 792 842 ROMANAE
812 783 1055 842 ECCLESIAE.
1299 788 1358 857 151

749 991 871 1049 xum

419 1124 638 1191 Onnmouns
660 1137 710 1187 nn
733 1121 924 1189 Emscoms
947 1121 1216 1189 Onmunnms1.

311 1261 462 1338 Oremus,
491 1261 693 1328 dilectissimi
723 1259 829 1338 nobis,
858 1270 895 1326 ut
925 1259 976 1326 his
1005 1261 1082 1326 viris
1110 1261 1154 1325 ad
1184 1260 1360 1326 utilitatem
1386 1278 1458 1330 Mire

267 1365 424 1432 ecclesiae
438 1361 679 1450 provehendis²
699 1363 885 1448 benignitas
902 1364 1141 1449 omnipotentis
1157 1364 1220 1428 Dei
1236 1365 1361 1448 gratiae
1387 1344 1476 1473 {72³²

268 1488 346 1534 suae
360 1469 484 1534 tribuat
500 1468 693 1552 largitatem.
738 1469 843 1552 Pery

313 1589 456 1670 Exaudi,
485 1589 638 1668 Domine,
666 1589 854 1675 supplicum
890 1609 1013 1675 preces,
1048 1599 1084 1654 ut
1120 1590 1209 1674 quod
1247 1599 1361 1655 nostro
1386 1596 1465 1676 teon.
1476 1608 1534 1662 421.

269 1697 451 1780 gerendum
467 1703 517 1759 est
532 1694 711 1760 ministerio
725 1704 785 1760 tua
799 1693 936 1777 potius⁸
950 1695 1073 1760 virtute
1087 1692 1242 1760 firmetur.
1287 1693 1358 1758 Per.
1387 1662 1477 1780 ἷξε

312 1816 502 1900 Propitiare,
518 1814 674 1895 Domine,
692 1815 990 1899 supplicationibus
1011 1815 1140 1894 nostris,
1155 1826 1190 1881 et
1208 1814 1363 1881 inclinato
1387 1792 1445 1859 ⁶⁷⁰·

269 1940 368 2007 super
392 1919 453 1984 hos
479 1918 621 1984 famulos
644 1928 721 1985 tuos
744 1939 846 1985 cornu
872 1919 1000 2005 gratiae
1024 1919 1235 1986 sacerdotalis
1265 1919 1363 1985 bene·
1387 1884 1509 2001 ΜΨ

268 2024 423 2091 dictionis
437 2033 515 2088 tuae
531 2023 565 2087 in
580 2043 637 2089 eos
652 2023 786 2089 effunde
799 2024 964 2089 virtutem
1011 2025 1074 2090 Per
1089 2024 1316 2106 Dominumy
1388 2016 1477 2146 {⁷¹2⁰ss

197 2198 256 2256 625
650 2175 928 2244 001100οτ0ῖί0.

314 2300 406 2365 Deus
422 2300 587 2366 honorum
607 2299 765 2376 omnium,
780 2298 874 2364 Deus
891 2298 1040 2365 omnium
1062 2300 1260 2383 dignitatum
1279 2319 1366 2383 quae
1389 2313 1469 2363 uon.
1480 2323 1538 2377 422.

270 2405 394 2490 gloriae
409 2415 488 2470 tuae
503 2403 603 2469 sacris
617 2402 818 2468 famulantur
831 2402 1023 2481 ordinibus;
1046 2402 1137 2468 Deus
1151 2423 1208 2488 qur
1198 2403 1366 2487 Moysen
1391 2378 1480 2495 ξῐξα

270 2508 430 2574 [amulum
448 2518 543 2573 tuum
562 2507 679 2574 secreti
698 2506 868 2572 familiaris
885 2503 1014 2573 affatu*
1038 2508 1122 2573 inter
1143 2516 1271 2574 caetera
1291 2528 1364 2573 cae·
1389 2508 1447 2574 ⁶⁷¹·

272 2612 362 2678 lestis
390 2614 590 2678 documenta
619 2610 790 2678 culturae⁶
815 2613 858 2677 de
887 2610 1002 2676 habitu
1029 2632 1160 2697 quoque
1183 2611 1365 2678 indumenti
1389 2571 1536 2705 fimi,

272 2715 485 2783 sacerdotalis
521 2715 705 2795 instituens,
734 2716 876 2782 electum
912 2715 1028 2781 Aaron
1068 2716 1207 2800 mystico
1243 2716 1365 2781 amictu
1391 2706 1443 2758 vui.

273 2818 410 2886 vestiri⁰
441 2821 524 2885 inter
552 2840 645 2885 sacra
673 2819 805 2899 iussisti,
834 2829 871 2885 ut
901 2819 1135 2903 intelligentiae
1161 2840 1293 2886 sensum
1323 2820 1367 2885 de

274 2923 438 3009 exemplis
460 2922 606 3007 priorum
617 2919 778 3010 ⁷caperet
796 2932 949 2989 secutura
963 2924 1148 3008 posteritas,
1163 2945 1205 2989 ne
1227 2923 1367 2989 eruditio

275 3028 443 3103 doctrinae
464 3037 543 3093 tuae
571 3025 629 3090 ulli
651 3028 781 3092 deesset
802 3027 914 3104 aetati,
932 3047 1037 3111 quum
1067 3037 1101 3093 et
1129 3028 1219 3111 apud
1241 3037 1367 3093 veteres

275 3130 492 3196 reverentiam
507 3127 603 3214 ipsa⁸
617 3129 894 3213 significationum
909 3130 1034 3214 species
1049 3129 1219 3208 obtineret,
1230 3140 1264 3195 et
1278 3132 1368 3215 apud

274 3254 336 3299 nos
365 3234 503 3300 certiora
531 3242 640 3298 essent
669 3233 897 3318 experimenta
922 3254 1030 3299 rerum
1053 3254 1153 3318 quam
1179 3234 1368 3320 aenigmata

274 3335 460 3423 figurarum
521 3337 614 3402 Illius
643 3357 787 3422 namque
817 3337 993 3402 sacerdotii
1030 3338 1199 3405 anterioris
1235 3337 1369 3403 habitus

273 3450 405 3507 nostrae
431 3440 550 3506 mentis
571 3450 707 3506 ornatus
727 3451 787 3518 est,
808 3450 843 3505 et
865 3439 1088 3523 pontificalem
1114 3440 1276 3524 gloriam⁸
1300 3460 1369 3506 non

273 3545 341 3609 iam
371 3544 467 3609 nobis
497 3543 602 3610 honor
611 3543 638 3583 ¹⁰
667 3544 879 3610 commendat
907 3544 1049 3608 vestium
1083 3546 1141 3609 sed
1178 3541 1368 3629 splendor¹¹

274 3648 468 3727 animarum,
483 3648 561 3732 quia
581 3657 614 3712 et
634 3647 690 3712 illa
710 3668 795 3731 quae
815 3657 894 3713 tunc
912 3647 1097 3713 carnalibus
1115 3645 1371 3714 blandiebantur

274 3750 454 3826 obtutibus,
471 3751 635 3836 capotius
652 3771 739 3834 quae
761 3752 794 3815 in
814 3751 895 3835 ipsis
914 3763 1009 3816 erant
1029 3749 1240 3835 intelligenda
1255 3771 1369 3835 posce·

274 3854 363 3921 bant.
423 3854 469 3921 Et
498 3855 617 3921 idcirco
648 3850 713 3943 [his
723 3850 765 3944 ¹²]
792 3855 924 3920 famulis
956 3856 1032 3931 tuis,
1064 3876 1147 3939 quos
1176 3857 1219 3921 ad
1248 3855 1369 3920 summi

275 3958 449 4024 sacerdotii
465 3958 679 4023 ministerium
692 3959 821 4044 elegisti
831 3958 868 4036 ¹⁸,
883 3957 979 4037 hanc,
989 3980 1198 4044 quaesumus,
1214 3960 1369 4037 Domine,

275 4062 417 4147 gratiam
432 4062 588 4147 largiaris,
606 4072 643 4127 ut
663 4063 824 4148 quidquid
846 4062 903 4128 illa
918 4063 1084 4129 velamina
1098 4064 1130 4129 in
1144 4061 1272 4148 fulgore
1290 4063 1371 4142 auri,

276 4165 309 4230 in
324 4166 428 4232 nitore
443 4186 659 4251 gemmarum,
675 4168 707 4231 in
716 4165 742 4205 ¹⁴
762 4166 951 4233 multimodi
966 4167 1074 4253 operis
1087 4167 1247 4233 varietate
1261 4166 1371 4251 signa·

276 4269 368 4347 bant,
383 4269 445 4336 hoc
462 4271 495 4334 in
508 4270 625 4335 horum
642 4271 789 4336 moribus
800 4271 997 4356 actibusque
1007 4272 1173 4337 clarescat
1220 4268 1369 4354 Comple,

277 4375 424 4440 Domine
434 4372 470 4452 ¹⁶,
485 4374 518 4438 in
540 4374 764 4440 sacerdotibus
784 4375 851 4439 tuis
872 4375 1021 4458 mysterii
1033 4374 1059 4414 ¹⁶
1080 4376 1128 4440 tui
1147 4395 1322 4453 summam
1337 4383 1371 4439 et

276 4479 480 4545 ornamentis
494 4479 595 4544 totius
606 4477 852 4563 glorificationis
863 4479 1041 4546 instructos
1050 4479 1198 4545 caelestis
1214 4477 1371 4564 unguenti

276 4580 415 4648 fluore¹⁷
438 4582 612 4649 sanctifica.
658 4582 742 4662 Hoc,
758 4582 912 4659 Domine,
927 4584 1061 4667 copiose
1079 4584 1112 4648 in
1135 4604 1249 4648 eorum
1271 4591 1371 4666 caput

278 4686 405 4762 influat,
422 4686 486 4751 hoc
501 4688 534 4751 in
550 4688 614 4752 oris
636 4687 785 4753 subiecta
806 4687 969 4765 decurrat,
984 4687 1047 4753 hoc
1063 4687 1096 4752 in
1110 4687 1213 4752 totius
1227 4685 1371 4770 corporis

277 4799 430 4855 extrema
466 4789 651 4863 descendat,
682 4798 719 4854 ut
756 4791 805 4853 tui
839 4788 983 4873 Spiritus
1018 4791 1122 4856 virtus
1154 4798 1188 4854 et
1220 4790 1373 4855 interiora

276 4892 396 4958 horum
410 4892 436 4931 ¹⁸
452 4893 576 4976 repleat
593 4902 627 4958 et
649 4894 816 4958 exteriora
835 4893 1062 4979 circumtegat.
1095 4892 1256 4959 Abundet
1272 4893 1306 4957 in
1321 4893 1374 4956 his

276 4997 465 5063 constantia
489 4995 574 5077 fidei,
596 4997 721 5082 puritas
743 4996 938 5076 dilectionis,
961 4998 1130 5063 sinceritas
1153 4998 1252 5083 pacis
1297 4995 1372 5063 Sint

276 5102 418 5186 speciosi
428 5100 454 5140 ¹⁹
486 5122 618 5168 munere
647 5111 705 5167 tuo
735 5103 837 5186 pedes
862 5101 982 5167 horum
1008 5103 1053 5168 ad
1080 5101 1373 5187 evangelizandum
