3352 5828
207 4284 266 4341 752

271 816 320 870 111.-
332 814 395 882 m]
583 812 794 871 nonnula
814 813 1055 873 accessus.
1300 826 1363 895 299

270 975 428 1055 tatum⁹⁷,
460 979 493 1043 in
526 978 686 1044 comitatu
695 977 724 1018 ⁹⁸
753 978 878 1044 aeterni
907 979 993 1062 regis
1022 967 1157 1063 perenni
1182 980 1304 1064 gaudio
1330 989 1365 1045 et

271 1091 458 1149 sanctorum
488 1083 653 1149 consortio
683 1079 805 1185 perfrui
830 1083 991 1148 concedas
1002 1081 1039 1146 ⁹⁹.
1095 1083 1156 1148 Per
1182 1083 1362 1150 Dominum

270 1197 432 1253 nostrum.

315 1324 537 1409 Omnipotens
562 1335 693 1391 aeterne
702 1324 744 1366 ¹⁰⁰
770 1326 872 1402 Deus,
895 1325 953 1409 qui
974 1324 1119 1391 humano
1142 1328 1309 1413 corporia
1331 1337 1365 1393 te
1390 1339 1471 1392 teon.
1484 1353 1539 1391 ποι.

272 1427 345 1513 ipso
363 1429 508 1494 animam
529 1429 684 1514 inspirare
705 1428 861 1515 dignatus
882 1449 927 1503 es,
941 1428 1033 1506 dum,
1047 1438 1081 1494 te
1099 1430 1244 1511 iubente,
1258 1430 1365 1516 pulvis

272 1530 398 1617 pulveri
421 1553 531 1597 rursus
552 1533 709 1612 redditur,
724 1541 761 1599 tu
783 1532 962 1616 imaginem
985 1542 1077 1598 tuam
1087 1531 1128 1572 ¹⁰¹
1149 1554 1225 1598 cum
1244 1535 1367 1600 sanctis

273 1645 308 1701 et
337 1635 451 1701 electis
479 1635 544 1701 tuis
572 1635 713 1702 aeternis
742 1637 876 1702 sedibus
905 1637 1085 1721 praecipias
1117 1637 1245 1704 sociari.
1305 1638 1367 1703 Per

275 1741 459 1806 Dominum
475 1749 632 1806 nostrum.

319 1878 495 1963 Obsequiis
524 1888 635 1945 autem
670 1879 734 1944 rite
767 1878 949 1958 celebratis,
979 1880 1137 1945 membris
1171 1901 1216 1946 ex
1245 1879 1367 1948 feretro
1390 1881 1541 1950 usurpa.

274 1981 434 2067 depositis
447 1980 496 2061 ¹⁰²,
533 1982 663 2050 tumulo
694 2004 739 2048 ex
774 2002 866 2049 more
899 1985 1095 2066 composito,
1125 1994 1203 2068 post
1235 1984 1368 2052 israelis
1392 1947 1448 2002 ²²⁶¹

276 2087 370 2150 exitu
381 2085 422 2127 ¹⁰⁸
433 2108 478 2152 ex
487 2087 658 2172 Aegypto,
666 2086 879 2172 deprecemur
890 2086 1099 2153 clementiam
1112 2088 1177 2153 Dei
1189 2088 1296 2155 Patris
1308 2109 1368 2173 pro

275 2186 385 2251 anima
397 2182 438 2224 ¹⁰⁴
452 2187 518 2251 cari
534 2187 636 2251 nostri
657 2186 764 2264 Illius,
778 2205 878 2269 quern
900 2186 1065 2252 Dominus
1079 2189 1122 2252 de
1137 2186 1255 2272 laqueo
1272 2188 1369 2254 huius

275 2289 387 2354 mundi
403 2289 556 2356 liberavit
570 2290 718 2374 lugubris
733 2289 833 2367 letali,
848 2291 939 2354 cuius
959 2310 1056 2374 posse
1068 2288 1108 2329 ¹⁰⁶
1123 2290 1246 2375 ubique
1261 2301 1322 2371 est,
1336 2301 1371 2358 et

276 2403 425 2476 potestas
446 2392 701 2474 innumerabilis,
714 2393 840 2460 habens
856 2393 989 2459 divitias
1010 2394 1181 2477 spiritales.
1224 2394 1371 2461 Animae

276 2496 373 2562 huius
385 2497 425 2537 ¹⁰⁰
463 2499 637 2564 subveniat
667 2497 815 2563 sublimis
848 2497 1023 2577 Dominus,
1051 2507 1088 2562 ut
1116 2496 1246 2565 ardore'
1261 2509 1371 2566 careat

277 2601 401 2666 aeterni
417 2602 510 2686 ignis,
522 2600 730 2686 adeptura¹⁰⁰
741 2601 892 2686 perpetui
904 2601 996 2685 regni
1007 2601 1226 2685 refugiorum.
1249 2602 1371 2669 Coram

277 2724 341 2769 suo
363 2725 442 2789 rege
467 2705 630 2789 gratificet
639 2704 681 2745 ¹⁰⁸
706 2705 740 2770 in
764 2705 885 2789 gaudio
910 2705 1054 2788 genitali,
1076 2706 1110 2770 in
1130 2706 1265 2772 sublimi
1285 2706 1371 2773 solio

278 2817 411 2893 patrum
436 2810 706 2892 praeelectorum,
733 2809 766 2874 in
792 2808 902 2875 medm
928 2805 1113 2898 [iustorum.
1135 2805 1186 2899 in]
1199 2809 1239 2850 ¹⁰⁹
1262 2810 1371 2896 splen·

279 2912 416 2978 doribus
431 2924 631 2991 sanctorum,
646 2914 680 2978 in
697 2914 775 2979 sede
796 2913 988 2994 maiestatis,
1004 2935 1127 2999 magno
1142 2915 1176 2980 in
1190 2914 1323 2995 lumine,
1338 2918 1370 2982 in

279 3016 422 3099 regione,
438 3017 472 3081 in
489 3038 589 3101 regno
603 3016 754 3081 vivorum
766 3015 817 3081 ¹¹⁰.
862 3017 932 3082 Per.

626 3269 878 3329 commendatio
891 3271 1031 3329 enlmao.

323 3398 606 3467 Commendamus
621 3401 691 3476 tibi,
708 3400 860 3478 Domine,
872 3400 1016 3466 animam
1027 3401 1135 3466 fratris
1149 3403 1253 3469 nostri
1265 3402 1370 3470 leirs:
1396 3414 1477 3466 teon.
1489 3428 1543 3479 203.

278 3523 461 3587 precamur,
483 3515 618 3588 propter
630 3502 670 3543 ¹¹¹
697 3523 798 3588 quarn
820 3503 863 3568 ad
886 3513 990 3569 terras
1013 3514 1071 3570 tua
1090 3506 1215 3590 pietate
1237 3505 1373 3573 descen·

278 3606 383 3687 deras,
397 3607 655 3692 patriarcharum
672 3616 804 3672 tuorum
825 3607 949 3672 simbus
972 3607 1135 3673 insinuare
1156 3629 1223 3675 non
1245 3630 1372 3687 renuas,

278 3711 337 3776 sed
361 3712 514 3775 miserere
526 3708 584 3773 ¹¹²:
608 3711 763 3795 migranti
785 3710 819 3775 in
843 3719 902 3775 tuo
923 3710 1056 3777 nomine
1077 3712 1121 3776 de
1142 3712 1205 3778 hac
1227 3714 1373 3778 instabili

278 3821 405 3878 ettam
431 3814 557 3880 incerta
584 3815 819 3899 sempiternam
843 3813 934 3879 illam
957 3815 1062 3880 vitam
1086 3837 1126 3881 ac
1156 3815 1316 3882 laetitiam
1338 3817 1373 3882 in

279 3917 477 3996 caelestibus
498 3917 815 4007 praests,Sa1vat0r
839 3919 963 3995 mundi,
990 3919 1046 4004 qui
1067 3940 1143 3986 cum
1169 3919 1267 3986 Patre
1289 3920 1373 3985 vivis

280 4021 478 4097 dominator,
503 4033 537 4087 et
561 4042 678 4108 regnas
705 4021 808 4100 Deus,
832 4021 866 4085 in
892 4022 1019 4088 unitate
1044 4022 1188 4107 Spiritus
1211 4024 1317 4090 sancti
1340 4024 1374 4090 in

280 4126 420 4190 saecula

734 4272 822 4329 Item
836 4271 914 4330 olio.

325 4402 428 4480 Deus,
456 4402 545 4486 apud
581 4421 679 4485 quern
715 4401 828 4466 omnia
864 4401 1038 4467 morientia
1066 4401 1191 4480 vivunt,
1220 4403 1272 4470 cui
1308 4424 1375 4471 non
1399 4426 1476 4479 cub.
1489 4437 1545 4491 313„

280 4516 421 4590 pereunt
443 4505 612 4570 moriendo
634 4525 772 4589 corpora
794 4515 906 4572 nostra
927 4507 985 4573 sed
1010 4516 1180 4572 mutantur
1196 4508 1230 4573 in
1248 4508 1374 4589 melius,
1398 4493 1430 4547 ά
1442 4503 1466 4545 ²

281 4619 317 4675 te
330 4608 497 4694 supplices
519 4611 739 4693 deprecamur,
755 4619 792 4675 ut
813 4610 934 4695 suscipi
956 4610 1069 4676 iubeas
1091 4611 1236 4676 animam
1259 4612 1374 4678 famuli

281 4714 332 4780 tui
348 4714 443 4780 Illius
459 4735 518 4800 per
535 4735 650 4779 manus
672 4725 861 4780 sanctorum
881 4714 1073 4801 angelorum
1093 4716 1321 4782 deducendam
1341 4715 1375 4783 in

281 4818 391 4882 sinum
412 4818 509 4883 amici
521 4816 563 4857 ¹¹⁸
583 4819 630 4883 tui
652 4817 856 4901 patriarchae
877 4819 1043 4895 Abrahae,
1062 4820 1319 4886 resuscitandam
1341 4820 1375 4887 in

281 4922 337 4986 die
353 4921 532 4986 novissimo
542 4920 583 4961 ¹¹⁴
601 4922 713 5007 magni
734 4921 868 5000 iudicii3
890 4932 925 4988 et
946 4917 1004 5010 [si]
1016 4920 1057 4961 ¹¹⁶
1075 4923 1155 5008 quid
1178 4923 1222 4990 de
1242 4923 1376 5008 regione

283 5023 417 5090 mortali
450 5025 511 5090 tibi
548 5026 744 5091 contrarium
777 5026 953 5105 contraxit,
982 5025 1116 5093 fallente
1145 5026 1289 5107 diabolo,
1317 5035 1374 5092 tua

282 5128 410 5214 pietate
432 5129 531 5195 ablue
552 5130 761 5215 indulgendo.
806 5130 877 5198 Per.
