<?xml version="1.0" encoding="UTF-8"?>
<!DOCTYPE html PUBLIC "-//W3C//DTD XHTML 1.0 Transitional//EN"
    "http://www.w3.org/TR/xhtml1/DTD/xhtml1-transitional.dtd">
<html xmlns="http://www.w3.org/1999/xhtml" xml:lang="en" lang="en">
 <head>
  <title>
</title>
<meta http-equiv="Content-Type" content="text/html;charset=utf-8" />
  <meta name='ocr-system' content='tesseract 3.04.00' />
  <meta name='ocr-capabilities' content='ocr_page ocr_carea ocr_par ocr_line ocrx_word'/>
</head>
<body>
  <div class='ocr_page' id='page_1' title='image "./gelasiansacrame00wilsgoog_0405.png"; bbox 0 0 3352 5828; ppageno 0'>
   <div class='ocr_carea' id='block_1_1' title="bbox 344 375 1456 458">
    <p class='ocr_par' dir='ltr' id='par_1_1' title="bbox 344 375 1456 458">
     <span class='ocr_line' id='line_1_1' title="bbox 344 375 1456 458; baseline -0.007 -23"><span class='ocrx_word' id='word_1_1' title='bbox 344 388 408 458; x_wconf 80' lang='lat'>312</span> <span class='ocrx_word' id='word_1_2' title='bbox 626 377 755 435; x_wconf 87' lang='lat' dir='ltr'><em>LIBER</em></span> <span class='ocrx_word' id='word_1_3' title='bbox 775 375 1164 437; x_wconf 80' lang='lat' dir='ltr'><em>SACRAMENTORUM</em></span> <span class='ocrx_word' id='word_1_4' title='bbox 1333 376 1398 444; x_wconf 89' lang='lat' dir='ltr'>[lll.</span> <span class='ocrx_word' id='word_1_5' title='bbox 1412 391 1456 428; x_wconf 83' lang='lat' dir='ltr'>cv.</span> 
     </span>
    </p>
   </div>
   <div class='ocr_carea' id='block_1_2' title="bbox 344 538 1456 730">
    <p class='ocr_par' dir='ltr' id='par_1_2' title="bbox 344 538 1456 730">
     <span class='ocr_line' id='line_1_2' title="bbox 344 538 1456 626; baseline -0.004 -17"><span class='ocrx_word' id='word_1_6' title='bbox 344 541 503 626; x_wconf 86' lang='lat' dir='ltr'><strong>baptismi</strong></span> <span class='ocrx_word' id='word_1_7' title='bbox 536 551 779 608; x_wconf 87' lang='lat' dir='ltr'>sacramentum</span> <span class='ocrx_word' id='word_1_8' title='bbox 812 544 857 609; x_wconf 87' lang='lat' dir='ltr'>da</span> <span class='ocrx_word' id='word_1_9' title='bbox 893 542 942 608; x_wconf 87' lang='lat' dir='ltr'>eis</span> <span class='ocrx_word' id='word_1_10' title='bbox 978 551 1188 608; x_wconf 85' lang='lat' dir='ltr'>aeternorum</span> <span class='ocrx_word' id='word_1_11' title='bbox 1218 538 1456 624; x_wconf 83' lang='lat' dir='ltr'>plenitudine⁸</span> 
     </span>
     <span class='ocr_line' id='line_1_3' title="bbox 344 646 672 730; baseline -0.003 -18"><span class='ocrx_word' id='word_1_12' title='bbox 344 646 554 730; x_wconf 82' lang='lat' dir='ltr'>gaudiorum.</span> <span class='ocrx_word' id='word_1_13' title='bbox 600 647 672 711; x_wconf 89' lang='lat' dir='ltr'>Per.</span> 
     </span>
    </p>
   </div>
   <div class='ocr_carea' id='block_1_3' title="bbox 345 769 1456 1101">
    <p class='ocr_par' dir='ltr' id='par_1_3' title="bbox 345 769 1456 1101">
     <span class='ocr_line' id='line_1_4' title="bbox 378 769 1456 840; baseline -0.002 -15"><span class='ocrx_word' id='word_1_14' title='bbox 378 773 612 826; x_wconf 77' lang='lat' dir='ltr'>¹&#39;1’hirCollectlt</span> <span class='ocrx_word' id='word_1_15' title='bbox 627 773 773 840; x_wconf 76' lang='lat' dir='ltr'>pmnelto</span> <span class='ocrx_word' id='word_1_16' title='bbox 788 772 843 826; x_wconf 77' lang='lat' dir='ltr'>thu</span> <span class='ocrx_word' id='word_1_17' title='bbox 859 772 982 826; x_wconf 78' lang='lat' dir='ltr'>towhlch</span> <span class='ocrx_word' id='word_1_18' title='bbox 998 770 1246 825; x_wconf 74' lang='lat' dir='ltr'>relermoeirmnde</span> <span class='ocrx_word' id='word_1_19' title='bbox 1261 770 1288 823; x_wconf 84' lang='lat' dir='ltr'>ln</span> <span class='ocrx_word' id='word_1_20' title='bbox 1304 769 1456 833; x_wconf 62' lang='lat' dir='ltr'>oemunt</span> 
     </span>
     <span class='ocr_line' id='line_1_5' title="bbox 345 836 1455 907; baseline -0.002 -17"><span class='ocrx_word' id='word_1_21' title='bbox 345 846 389 891; x_wconf 82' lang='lat' dir='ltr'>not</span> <span class='ocrx_word' id='word_1_22' title='bbox 401 839 519 891; x_wconf 82' lang='lat' dir='ltr'>identicnl</span> <span class='ocrx_word' id='word_1_23' title='bbox 530 839 590 891; x_wconf 79' lang='lat' dir='ltr'>with</span> <span class='ocrx_word' id='word_1_24' title='bbox 600 843 629 891; x_wconf 79' lang='lat' dir='ltr'>lt</span> <span class='ocrx_word' id='word_1_25' title='bbox 708 840 718 869; x_wconf 86' lang='lat'><strong>¹</strong></span> <span class='ocrx_word' id='word_1_26' title='bbox 729 847 779 907; x_wconf 75' lang='lat' dir='ltr'>pro</span> <span class='ocrx_word' id='word_1_27' title='bbox 789 840 875 906; x_wconf 74' lang='lat' dir='ltr'>requie</span> <span class='ocrx_word' id='word_1_28' title='bbox 885 840 1035 890; x_wconf 68' lang='lat' dir='ltr'>minenmm</span> <span class='ocrx_word' id='word_1_29' title='bbox 1047 839 1123 891; x_wconf 76' lang='lat' dir='ltr'>Geth.</span> <span class='ocrx_word' id='word_1_30' title='bbox 1204 837 1215 869; x_wconf 84' lang='lat'>⁸</span> <span class='ocrx_word' id='word_1_31' title='bbox 1230 837 1306 889; x_wconf 69' lang='lat' dir='ltr'>Gen</span> <span class='ocrx_word' id='word_1_32' title='bbox 1318 836 1408 889; x_wconf 66' lang='lat' dir='ltr'>hut·</span> <span class='ocrx_word' id='word_1_33' title='bbox 1417 844 1455 888; x_wconf 80' lang='lat' dir='ltr'>et.</span> 
     </span>
     <span class='ocr_line' id='line_1_6' title="bbox 345 901 1456 971; baseline -0.004 -14"><span class='ocrx_word' id='word_1_34' title='bbox 345 905 355 936; x_wconf 82' lang='lat'><strong>⁴</strong></span> <span class='ocrx_word' id='word_1_35' title='bbox 371 921 457 957; x_wconf 74' lang='lat' dir='ltr'>eonem</span> <span class='ocrx_word' id='word_1_36' title='bbox 468 905 658 971; x_wconf 73' lang='lat' dir='ltr'>redemptionem</span> <span class='ocrx_word' id='word_1_37' title='bbox 668 905 761 965; x_wconf 64' lang='lat' dir='ltr'>Germ:</span> <span class='ocrx_word' id='word_1_38' title='bbox 777 906 810 957; x_wconf 90' lang='lat' dir='ltr'>V.</span> <span class='ocrx_word' id='word_1_39' title='bbox 819 921 848 957; x_wconf 79' lang='lat' dir='ltr'>u</span> <span class='ocrx_word' id='word_1_40' title='bbox 857 912 910 957; x_wconf 83' lang='lat' dir='ltr'>text</span> <span class='ocrx_word' id='word_1_41' title='bbox 921 902 1185 971; x_wconf 70' lang='lat' dir='ltr'>(nngtnmmntienlly).</span> <span class='ocrx_word' id='word_1_42' title='bbox 1248 902 1260 935; x_wconf 85' lang='lat'>⁸</span> <span class='ocrx_word' id='word_1_43' title='bbox 1274 901 1352 955; x_wconf 64' lang='lat' dir='ltr'>oab.</span> <span class='ocrx_word' id='word_1_44' title='bbox 1360 901 1456 954; x_wconf 76' lang='lat' dir='ltr'>inserts</span> 
     </span>
     <span class='ocr_line' id='line_1_7' title="bbox 346 965 1454 1034; baseline -0.002 -14"><span class='ocrx_word' id='word_1_45' title='bbox 346 977 384 1020; x_wconf 74' lang='lat' dir='ltr'>ut.</span> <span class='ocrx_word' id='word_1_46' title='bbox 483 969 877 1029; x_wconf 65' lang='lat' dir='ltr'>‘cmmmmvitiisGerb.;</span> <span class='ocrx_word' id='word_1_47' title='bbox 892 971 1035 1022; x_wconf 78' lang='lat' dir='ltr'>V.ertext.</span> <span class='ocrx_word' id='word_1_48' title='bbox 1135 967 1248 1020; x_wconf 60' lang='lat' dir='ltr'>&#39;catu</span> <span class='ocrx_word' id='word_1_49' title='bbox 1343 965 1454 1034; x_wconf 74' lang='lat' dir='ltr'>&#39;plena&#39;-</span> 
     </span>
     <span class='ocr_line' id='line_1_8' title="bbox 347 1033 1001 1101; baseline 0.002 -16"><span class='ocrx_word' id='word_1_50' title='bbox 347 1035 461 1086; x_wconf 81' lang='lat' dir='ltr'>tudinem</span> <span class='ocrx_word' id='word_1_51' title='bbox 473 1033 568 1091; x_wconf 67' lang='lat' dir='ltr'>Gerus</span> <span class='ocrx_word' id='word_1_52' title='bbox 584 1035 617 1087; x_wconf 87' lang='lat' dir='ltr'>V.</span> <span class='ocrx_word' id='word_1_53' title='bbox 630 1051 659 1087; x_wconf 79' lang='lat' dir='ltr'>u</span> <span class='ocrx_word' id='word_1_54' title='bbox 670 1041 722 1088; x_wconf 83' lang='lat' dir='ltr'>text</span> <span class='ocrx_word' id='word_1_55' title='bbox 734 1034 1001 1101; x_wconf 76' lang='lat' dir='ltr'>(ungrnmmatienlly).</span> 
     </span>
    </p>
   </div>
   <div class='ocr_carea' id='block_1_4' title="bbox 871 1274 939 1333">
    <p class='ocr_par' dir='ltr' id='par_1_4' title="bbox 871 1274 939 1333">
     <span class='ocr_line' id='line_1_9' title="bbox 871 1274 939 1333; baseline 0.015 -1"><span class='ocrx_word' id='word_1_56' title='bbox 871 1274 939 1333; x_wconf 79' lang='grc' dir='ltr'>(Ν.</span> 
     </span>
    </p>
   </div>
   <div class='ocr_carea' id='block_1_5' title="bbox 351 1403 1455 1590">
    <p class='ocr_par' dir='ltr' id='par_1_5' title="bbox 351 1403 1455 1590">
     <span class='ocr_line' id='line_1_10' title="bbox 351 1403 1455 1483; baseline -0.001 -15"><span class='ocrx_word' id='word_1_57' title='bbox 351 1403 449 1469; x_wconf 77' lang='lat' dir='ltr'>Iceu</span> <span class='ocrx_word' id='word_1_58' title='bbox 466 1415 577 1470; x_wconf 61' lang='lat' dir='ltr'>mssa</span> <span class='ocrx_word' id='word_1_59' title='bbox 593 1418 636 1470; x_wconf 82' lang='lat' dir='ltr'>m</span> <span class='ocrx_word' id='word_1_60' title='bbox 652 1415 902 1470; x_wconf 79' lang='lat' dir='ltr'>nseosmoue</span> <span class='ocrx_word' id='word_1_61' title='bbox 918 1413 1455 1483; x_wconf 72' lang='lat' dir='ltr'>neronem,renru,seer1m,</span> 
     </span>
     <span class='ocr_line' id='line_1_11' title="bbox 537 1504 1268 1590; baseline 0 -17"><span class='ocrx_word' id='word_1_62' title='bbox 537 1522 733 1576; x_wconf 78' lang='lat' dir='ltr'>rmces1u1</span> <span class='ocrx_word' id='word_1_63' title='bbox 748 1522 908 1590; x_wconf 75' lang='lat' dir='ltr'>menum,</span> <span class='ocrx_word' id='word_1_64' title='bbox 923 1522 1007 1576; x_wconf 78' lang='lat' dir='ltr'>s1vn</span> <span class='ocrx_word' id='word_1_65' title='bbox 1022 1521 1237 1575; x_wconf 74' lang='lat' dir='ltr'>Auuununu</span> <span class='ocrx_word' id='word_1_66' title='bbox 1245 1504 1268 1572; x_wconf 91' lang='lat'>¹.</span> 
     </span>
    </p>
   </div>
   <div class='ocr_carea' id='block_1_6' title="bbox 350 1623 1458 2558">
    <p class='ocr_par' dir='ltr' id='par_1_6' title="bbox 350 1623 1457 2145">
     <span class='ocr_line' id='line_1_12' title="bbox 396 1623 1456 1731; baseline -0.003 -20"><span class='ocrx_word' id='word_1_67' title='bbox 396 1646 539 1726; x_wconf 79' lang='lat' dir='ltr'><strong>Adesto,</strong></span> <span class='ocrx_word' id='word_1_68' title='bbox 571 1623 781 1731; x_wconf 65' lang='lat' dir='ltr'>ouaesumus,</span> <span class='ocrx_word' id='word_1_69' title='bbox 812 1645 987 1726; x_wconf 76' lang='lat' dir='ltr'>Domine²,</span> <span class='ocrx_word' id='word_1_70' title='bbox 1020 1665 1083 1729; x_wconf 92' lang='lat' dir='ltr'>pro</span> <span class='ocrx_word' id='word_1_71' title='bbox 1115 1644 1226 1710; x_wconf 86' lang='lat' dir='ltr'>anima</span> <span class='ocrx_word' id='word_1_72' title='bbox 1254 1642 1370 1709; x_wconf 87' lang='lat' dir='ltr'>famuli</span> <span class='ocrx_word' id='word_1_73' title='bbox 1402 1643 1456 1708; x_wconf 90' lang='lat' dir='ltr'>tui</span> 
     </span>
     <span class='ocr_line' id='line_1_13' title="bbox 350 1745 1457 1835; baseline -0.003 -21"><span class='ocrx_word' id='word_1_74' title='bbox 350 1748 457 1828; x_wconf 81' lang='lat' dir='ltr'>Illius,</span> <span class='ocrx_word' id='word_1_75' title='bbox 473 1751 566 1816; x_wconf 90' lang='lat' dir='ltr'>cuius</span> <span class='ocrx_word' id='word_1_76' title='bbox 582 1751 615 1814; x_wconf 91' lang='lat' dir='ltr'>in</span> <span class='ocrx_word' id='word_1_77' title='bbox 635 1751 844 1835; x_wconf 85' lang='lat' dir='ltr'>depositione</span> <span class='ocrx_word' id='word_1_78' title='bbox 864 1749 948 1816; x_wconf 79' lang='lat' dir='ltr'>sua⁸</span> <span class='ocrx_word' id='word_1_79' title='bbox 963 1748 1110 1815; x_wconf 90' lang='lat' dir='ltr'>officium</span> <span class='ocrx_word' id='word_1_80' title='bbox 1131 1745 1457 1815; x_wconf 80' lang='lat' dir='ltr'>commemorationis</span> 
     </span>
     <span class='ocr_line' id='line_1_14' title="bbox 351 1848 1456 1937; baseline -0.002 -20"><span class='ocrx_word' id='word_1_81' title='bbox 351 1853 584 1937; x_wconf 84' lang='lat' dir='ltr'>impendimus,</span> <span class='ocrx_word' id='word_1_82' title='bbox 608 1862 647 1919; x_wconf 90' lang='lat' dir='ltr'>ut</span> <span class='ocrx_word' id='word_1_83' title='bbox 665 1854 695 1918; x_wconf 87' lang='lat' dir='ltr'>si</span> <span class='ocrx_word' id='word_1_84' title='bbox 716 1852 826 1937; x_wconf 79' lang='lat' dir='ltr'>quae⁴</span> <span class='ocrx_word' id='word_1_85' title='bbox 848 1873 924 1918; x_wconf 91' lang='lat' dir='ltr'>eum</span> <span class='ocrx_word' id='word_1_86' title='bbox 948 1851 1124 1919; x_wconf 86' lang='lat' dir='ltr'>saecularis</span> <span class='ocrx_word' id='word_1_87' title='bbox 1147 1850 1277 1917; x_wconf 86' lang='lat' dir='ltr'>macula</span> <span class='ocrx_word' id='word_1_88' title='bbox 1299 1848 1456 1928; x_wconf 79' lang='lat' dir='ltr'>invasit³,</span> 
     </span>
     <span class='ocr_line' id='line_1_15' title="bbox 351 1948 1457 2040; baseline -0.004 -18"><span class='ocrx_word' id='word_1_89' title='bbox 351 1965 409 2022; x_wconf 89' lang='lat' dir='ltr'>aut</span> <span class='ocrx_word' id='word_1_90' title='bbox 423 1956 540 2022; x_wconf 89' lang='lat' dir='ltr'>vitium</span> <span class='ocrx_word' id='word_1_91' title='bbox 564 1948 734 2023; x_wconf 82' lang='lat' dir='ltr'>mundiale</span> <span class='ocrx_word' id='word_1_92' title='bbox 756 1956 864 2024; x_wconf 86' lang='lat' dir='ltr'>iniecit</span> <span class='ocrx_word' id='word_1_93' title='bbox 874 1956 898 2036; x_wconf 79' lang='lat'>⁰,</span> <span class='ocrx_word' id='word_1_94' title='bbox 913 1957 1006 2022; x_wconf 91' lang='lat' dir='ltr'>dono</span> <span class='ocrx_word' id='word_1_95' title='bbox 1027 1965 1107 2022; x_wconf 86' lang='lat' dir='ltr'>tuae</span> <span class='ocrx_word' id='word_1_96' title='bbox 1128 1954 1263 2040; x_wconf 87' lang='lat' dir='ltr'>pietatis</span> <span class='ocrx_word' id='word_1_97' title='bbox 1281 1953 1457 2037; x_wconf 83' lang='lat' dir='ltr'>indulgeas</span> 
     </span>
     <span class='ocr_line' id='line_1_16' title="bbox 351 2057 707 2145; baseline 0.003 -20"><span class='ocrx_word' id='word_1_98' title='bbox 351 2071 385 2126; x_wconf 89' lang='lat' dir='ltr'>et</span> <span class='ocrx_word' id='word_1_99' title='bbox 401 2070 558 2145; x_wconf 84' lang='lat' dir='ltr'>extergas</span> <span class='ocrx_word' id='word_1_100' title='bbox 567 2057 589 2123; x_wconf 84' lang='lat'>⁷.</span> <span class='ocrx_word' id='word_1_101' title='bbox 635 2059 707 2126; x_wconf 89' lang='lat' dir='ltr'>Per.</span> 
     </span>
    </p>

    <p class='ocr_par' dir='ltr' id='par_1_7' title="bbox 351 2177 1458 2558">
     <span class='ocr_line' id='line_1_17' title="bbox 396 2177 1458 2265; baseline 0 -21"><span class='ocrx_word' id='word_1_102' title='bbox 396 2179 618 2265; x_wconf 86' lang='lat' dir='ltr'>Quaesumus,</span> <span class='ocrx_word' id='word_1_103' title='bbox 641 2180 796 2260; x_wconf 89' lang='lat' dir='ltr'>Domine,</span> <span class='ocrx_word' id='word_1_104' title='bbox 818 2179 879 2246; x_wconf 81' lang='lat' dir='ltr'>ut⁸</span> <span class='ocrx_word' id='word_1_105' title='bbox 901 2179 1029 2246; x_wconf 83' lang='lat' dir='ltr'>famulo</span> <span class='ocrx_word' id='word_1_106' title='bbox 1052 2187 1112 2245; x_wconf 92' lang='lat' dir='ltr'>tuo</span> <span class='ocrx_word' id='word_1_107' title='bbox 1135 2179 1229 2245; x_wconf 91' lang='lat' dir='ltr'>cuius</span> <span class='ocrx_word' id='word_1_108' title='bbox 1253 2177 1458 2265; x_wconf 82' lang='lat' dir='ltr'>septimum⁹</span> 
     </span>
     <span class='ocr_line' id='line_1_18' title="bbox 351 2282 1456 2364; baseline -0.001 -15"><span class='ocrx_word' id='word_1_109' title='bbox 351 2285 463 2351; x_wconf 90' lang='lat' dir='ltr'>obitus</span> <span class='ocrx_word' id='word_1_110' title='bbox 479 2284 529 2349; x_wconf 89' lang='lat' dir='ltr'>sui</span> <span class='ocrx_word' id='word_1_111' title='bbox 544 2285 635 2350; x_wconf 91' lang='lat' dir='ltr'>diem</span> <span class='ocrx_word' id='word_1_112' title='bbox 654 2304 966 2364; x_wconf 87' lang='lat' dir='ltr'>commemoramus,</span> <span class='ocrx_word' id='word_1_113' title='bbox 982 2293 1173 2350; x_wconf 90' lang='lat' dir='ltr'>sanctorum</span> <span class='ocrx_word' id='word_1_114' title='bbox 1187 2292 1222 2349; x_wconf 91' lang='lat' dir='ltr'>et</span> <span class='ocrx_word' id='word_1_115' title='bbox 1231 2282 1259 2323; x_wconf 88' lang='lat'>¹⁰</span> <span class='ocrx_word' id='word_1_116' title='bbox 1274 2283 1456 2349; x_wconf 86' lang='lat' dir='ltr'>electorum</span> 
     </span>
     <span class='ocr_line' id='line_1_19' title="bbox 352 2385 1457 2473; baseline 0.001 -21"><span class='ocrx_word' id='word_1_117' title='bbox 352 2387 489 2472; x_wconf 82' lang='lat' dir='ltr'>largire⁸</span> <span class='ocrx_word' id='word_1_118' title='bbox 499 2387 711 2467; x_wconf 87' lang='lat' dir='ltr'>consortium,</span> <span class='ocrx_word' id='word_1_119' title='bbox 722 2398 757 2454; x_wconf 88' lang='lat' dir='ltr'>et</span> <span class='ocrx_word' id='word_1_120' title='bbox 768 2387 907 2454; x_wconf 89' lang='lat' dir='ltr'>rorem¹¹</span> <span class='ocrx_word' id='word_1_121' title='bbox 924 2387 1169 2455; x_wconf 88' lang='lat' dir='ltr'>misericordiae</span> <span class='ocrx_word' id='word_1_122' title='bbox 1177 2396 1254 2453; x_wconf 88' lang='lat' dir='ltr'>tuae</span> <span class='ocrx_word' id='word_1_123' title='bbox 1265 2386 1419 2473; x_wconf 86' lang='lat' dir='ltr'>perennis</span> <span class='ocrx_word' id='word_1_124' title='bbox 1428 2385 1457 2427; x_wconf 83' lang='lat'>¹¹</span> 
     </span>
     <span class='ocr_line' id='line_1_20' title="bbox 352 2487 945 2558; baseline -0.003 -1"><span class='ocrx_word' id='word_1_125' title='bbox 352 2491 498 2557; x_wconf 76' lang='lat' dir='ltr'>infunde</span> <span class='ocrx_word' id='word_1_126' title='bbox 543 2492 614 2558; x_wconf 90' lang='lat' dir='ltr'>Per.</span> <span class='ocrx_word' id='word_1_127' title='bbox 940 2487 945 2496; x_wconf 82' lang='grc'><strong><em>’</em></strong></span> 
     </span>
    </p>
   </div>
   <div class='ocr_carea' id='block_1_7' title="bbox 353 2610 1457 2904">
    <p class='ocr_par' dir='ltr' id='par_1_8' title="bbox 353 2610 1457 2904">
     <span class='ocr_line' id='line_1_21' title="bbox 397 2610 1457 2696; baseline -0.002 -18"><span class='ocrx_word' id='word_1_128' title='bbox 397 2613 500 2693; x_wconf 90' lang='lat' dir='ltr'>Deus,</span> <span class='ocrx_word' id='word_1_129' title='bbox 515 2612 795 2696; x_wconf 82' lang='lat' dir='ltr'>indulgentiarum</span> <span class='ocrx_word' id='word_1_130' title='bbox 820 2612 974 2692; x_wconf 88' lang='lat' dir='ltr'>Domine,</span> <span class='ocrx_word' id='word_1_131' title='bbox 996 2614 1040 2678; x_wconf 88' lang='lat' dir='ltr'>da</span> <span class='ocrx_word' id='word_1_132' title='bbox 1058 2611 1184 2677; x_wconf 81' lang='lat' dir='ltr'>famulo</span> <span class='ocrx_word' id='word_1_133' title='bbox 1205 2612 1254 2676; x_wconf 92' lang='lat' dir='ltr'>tui</span> <span class='ocrx_word' id='word_1_134' title='bbox 1275 2610 1344 2690; x_wconf 86' lang='lat' dir='ltr'>Illi,</span> <span class='ocrx_word' id='word_1_135' title='bbox 1365 2610 1457 2678; x_wconf 87' lang='lat' dir='ltr'>cuius</span> 
     </span>
     <span class='ocr_line' id='line_1_22' title="bbox 353 2711 1456 2799; baseline -0.004 -17"><span class='ocrx_word' id='word_1_136' title='bbox 353 2716 612 2782; x_wconf 89' lang='lat' dir='ltr'>anniversarium</span> <span class='ocrx_word' id='word_1_137' title='bbox 627 2715 847 2799; x_wconf 87' lang='lat' dir='ltr'>depositionis</span> <span class='ocrx_word' id='word_1_138' title='bbox 868 2715 958 2781; x_wconf 88' lang='lat' dir='ltr'>diem</span> <span class='ocrx_word' id='word_1_139' title='bbox 974 2734 1283 2790; x_wconf 84' lang='lat' dir='ltr'>commemoramus,</span> <span class='ocrx_word' id='word_1_140' title='bbox 1298 2711 1456 2797; x_wconf 82' lang='lat' dir='ltr'>refrigerii</span> 
     </span>
     <span class='ocr_line' id='line_1_23' title="bbox 355 2815 1456 2904; baseline -0.003 -20"><span class='ocrx_word' id='word_1_141' title='bbox 355 2820 477 2895; x_wconf 88' lang='lat' dir='ltr'>sedem,</span> <span class='ocrx_word' id='word_1_142' title='bbox 493 2819 615 2904; x_wconf 88' lang='lat' dir='ltr'>quietis</span> <span class='ocrx_word' id='word_1_143' title='bbox 634 2818 887 2896; x_wconf 87' lang='lat' dir='ltr'>beatitudinem,</span> <span class='ocrx_word' id='word_1_144' title='bbox 903 2818 1036 2884; x_wconf 88' lang='lat' dir='ltr'>luminis</span> <span class='ocrx_word' id='word_1_145' title='bbox 1057 2817 1242 2884; x_wconf 86' lang='lat' dir='ltr'>claritatem</span> <span class='ocrx_word' id='word_1_146' title='bbox 1258 2816 1407 2902; x_wconf 87' lang='lat' dir='ltr'>largiaris</span> <span class='ocrx_word' id='word_1_147' title='bbox 1418 2815 1456 2881; x_wconf 80' lang='lat'>¹⁸.</span> 
     </span>
    </p>
   </div>
   <div class='ocr_carea' id='block_1_8' title="bbox 356 2923 981 3074">
    <p class='ocr_par' dir='ltr' id='par_1_9' title="bbox 356 2923 981 3074">
     <span class='ocr_line' id='line_1_24' title="bbox 356 2923 428 2988; baseline -0.028 0"><span class='ocrx_word' id='word_1_148' title='bbox 356 2923 428 2988; x_wconf 86' lang='lat' dir='ltr'>Per.</span> 
     </span>
     <span class='ocr_line' id='line_1_25' title="bbox 836 3015 981 3074; baseline -0.014 0"><span class='ocrx_word' id='word_1_149' title='bbox 836 3015 981 3074; x_wconf 70' lang='lat' dir='ltr'>sennen</span> 
     </span>
    </p>
   </div>
   <div class='ocr_carea' id='block_1_9' title="bbox 355 3124 1458 3524">
    <p class='ocr_par' dir='ltr' id='par_1_10' title="bbox 355 3124 1458 3524">
     <span class='ocr_line' id='line_1_26' title="bbox 402 3124 1458 3211; baseline -0.006 -16"><span class='ocrx_word' id='word_1_150' title='bbox 402 3129 545 3205; x_wconf 88' lang='lat' dir='ltr'>Adesto,</span> <span class='ocrx_word' id='word_1_151' title='bbox 562 3127 720 3204; x_wconf 90' lang='lat' dir='ltr'>Domine,</span> <span class='ocrx_word' id='word_1_152' title='bbox 739 3127 1037 3211; x_wconf 86' lang='lat' dir='ltr'>supplicationibus</span> <span class='ocrx_word' id='word_1_153' title='bbox 1059 3126 1190 3202; x_wconf 88' lang='lat' dir='ltr'>nostris,</span> <span class='ocrx_word' id='word_1_154' title='bbox 1206 3136 1240 3192; x_wconf 88' lang='lat' dir='ltr'>et</span> <span class='ocrx_word' id='word_1_155' title='bbox 1257 3125 1344 3191; x_wconf 90' lang='lat' dir='ltr'>hanc</span> <span class='ocrx_word' id='word_1_156' title='bbox 1364 3124 1458 3190; x_wconf 86' lang='lat' dir='ltr'>obla·</span> 
     </span>
     <span class='ocr_line' id='line_1_27' title="bbox 357 3228 1457 3316; baseline -0.005 -18"><span class='ocrx_word' id='word_1_157' title='bbox 357 3233 493 3310; x_wconf 91' lang='lat' dir='ltr'>tionem,</span> <span class='ocrx_word' id='word_1_158' title='bbox 516 3251 618 3315; x_wconf 91' lang='lat' dir='ltr'>quam</span> <span class='ocrx_word' id='word_1_159' title='bbox 638 3232 700 3297; x_wconf 87' lang='lat' dir='ltr'>tibi</span> <span class='ocrx_word' id='word_1_160' title='bbox 722 3230 893 3296; x_wconf 87' lang='lat' dir='ltr'>offerimus</span> <span class='ocrx_word' id='word_1_161' title='bbox 915 3230 960 3297; x_wconf 92' lang='lat' dir='ltr'>ob</span> <span class='ocrx_word' id='word_1_162' title='bbox 982 3233 1071 3297; x_wconf 88' lang='lat' dir='ltr'>diem</span> <span class='ocrx_word' id='word_1_163' title='bbox 1093 3230 1308 3316; x_wconf 87' lang='lat' dir='ltr'>depositionis</span> <span class='ocrx_word' id='word_1_164' title='bbox 1325 3228 1457 3312; x_wconf 89' lang='lat' dir='ltr'>septimi</span> 
     </span>
     <span class='ocr_line' id='line_1_28' title="bbox 356 3332 1458 3418; baseline -0.005 -16"><span class='ocrx_word' id='word_1_165' title='bbox 356 3336 410 3402; x_wconf 90' lang='lat' dir='ltr'>vel</span> <span class='ocrx_word' id='word_1_166' title='bbox 437 3336 594 3401; x_wconf 88' lang='lat' dir='ltr'>tricesimi</span> <span class='ocrx_word' id='word_1_167' title='bbox 605 3332 643 3411; x_wconf 78' lang='lat'>¹⁴,</span> <span class='ocrx_word' id='word_1_168' title='bbox 670 3355 731 3418; x_wconf 90' lang='lat' dir='ltr'>pro</span> <span class='ocrx_word' id='word_1_169' title='bbox 759 3332 870 3399; x_wconf 87' lang='lat' dir='ltr'>anima</span> <span class='ocrx_word' id='word_1_170' title='bbox 896 3332 1010 3399; x_wconf 81' lang='lat' dir='ltr'>famuli</span> <span class='ocrx_word' id='word_1_171' title='bbox 1036 3334 1085 3400; x_wconf 90' lang='lat' dir='ltr'>tui</span> <span class='ocrx_word' id='word_1_172' title='bbox 1110 3334 1217 3413; x_wconf 83' lang='lat' dir='ltr'>Illius,</span> <span class='ocrx_word' id='word_1_173' title='bbox 1243 3332 1392 3418; x_wconf 86' lang='lat' dir='ltr'>placatus</span> <span class='ocrx_word' id='word_1_174' title='bbox 1417 3350 1458 3396; x_wconf 81' lang='lat' dir='ltr'>ac</span> 
     </span>
     <span class='ocr_line' id='line_1_29' title="bbox 355 3435 830 3524; baseline -0.008 -19"><span class='ocrx_word' id='word_1_175' title='bbox 355 3438 520 3524; x_wconf 88' lang='lat' dir='ltr'>benignus</span> <span class='ocrx_word' id='word_1_176' title='bbox 535 3458 677 3504; x_wconf 86' lang='lat' dir='ltr'>assume.</span> <span class='ocrx_word' id='word_1_177' title='bbox 722 3435 786 3504; x_wconf 89' lang='lat' dir='ltr'>Per</span> <span class='ocrx_word' id='word_1_178' title='bbox 795 3435 830 3501; x_wconf 77' lang='lat'>¹³.</span> 
     </span>
    </p>
   </div>
   <div class='ocr_carea' id='block_1_10' title="bbox 764 3581 1052 3642">
    <p class='ocr_par' dir='ltr' id='par_1_11' title="bbox 764 3581 1052 3642">
     <span class='ocr_line' id='line_1_30' title="bbox 764 3581 1052 3642; baseline 0.007 -3"><span class='ocrx_word' id='word_1_179' title='bbox 764 3581 860 3640; x_wconf 71' lang='lat' dir='ltr'>Intro</span> <span class='ocrx_word' id='word_1_180' title='bbox 873 3582 1052 3642; x_wconf 68' lang='lat' dir='ltr'>annonem</span> 
     </span>
    </p>
   </div>
   <div class='ocr_carea' id='block_1_11' title="bbox 357 3694 1460 4281">
    <p class='ocr_par' dir='ltr' id='par_1_12' title="bbox 357 3694 1460 4281">
     <span class='ocr_line' id='line_1_31' title="bbox 403 3694 1456 3781; baseline 0.002 -19"><span class='ocrx_word' id='word_1_181' title='bbox 403 3696 502 3763; x_wconf 90' lang='lat' dir='ltr'>Hanc</span> <span class='ocrx_word' id='word_1_182' title='bbox 512 3696 613 3780; x_wconf 91' lang='lat' dir='ltr'>igitur</span> <span class='ocrx_word' id='word_1_183' title='bbox 626 3694 841 3774; x_wconf 88' lang='lat' dir='ltr'>oblationem,</span> <span class='ocrx_word' id='word_1_184' title='bbox 852 3696 1006 3774; x_wconf 90' lang='lat' dir='ltr'>Domine,</span> <span class='ocrx_word' id='word_1_185' title='bbox 1021 3716 1122 3780; x_wconf 92' lang='lat' dir='ltr'>quam</span> <span class='ocrx_word' id='word_1_186' title='bbox 1137 3696 1198 3761; x_wconf 91' lang='lat' dir='ltr'>tibi</span> <span class='ocrx_word' id='word_1_187' title='bbox 1209 3695 1379 3763; x_wconf 85' lang='lat' dir='ltr'>offerimus</span> <span class='ocrx_word' id='word_1_188' title='bbox 1394 3717 1456 3781; x_wconf 92' lang='lat' dir='ltr'>pro</span> 
     </span>
     <span class='ocr_line' id='line_1_32' title="bbox 358 3798 1458 3885; baseline 0 -20"><span class='ocrx_word' id='word_1_189' title='bbox 358 3801 470 3871; x_wconf 85' lang='lat' dir='ltr'>anima</span> <span class='ocrx_word' id='word_1_190' title='bbox 484 3799 600 3865; x_wconf 81' lang='lat' dir='ltr'>famuli</span> <span class='ocrx_word' id='word_1_191' title='bbox 615 3800 664 3864; x_wconf 92' lang='lat' dir='ltr'>tui</span> <span class='ocrx_word' id='word_1_192' title='bbox 678 3799 786 3875; x_wconf 84' lang='lat' dir='ltr'>Illius,</span> <span class='ocrx_word' id='word_1_193' title='bbox 801 3799 892 3865; x_wconf 90' lang='lat' dir='ltr'>cuius</span> <span class='ocrx_word' id='word_1_194' title='bbox 907 3800 1229 3885; x_wconf 81' lang='lat' dir='ltr'>depositionis,diem</span> <span class='ocrx_word' id='word_1_195' title='bbox 1239 3798 1265 3839; x_wconf 84' lang='lat'>¹⁶</span> <span class='ocrx_word' id='word_1_196' title='bbox 1279 3801 1458 3884; x_wconf 86' lang='lat' dir='ltr'>septimum</span> 
     </span>
     <span class='ocr_line' id='line_1_33' title="bbox 357 3902 1459 3988; baseline 0 -18"><span class='ocrx_word' id='word_1_197' title='bbox 357 3904 410 3970; x_wconf 92' lang='lat' dir='ltr'>vel</span> <span class='ocrx_word' id='word_1_198' title='bbox 419 3904 624 3969; x_wconf 88' lang='lat' dir='ltr'>tricesimum</span> <span class='ocrx_word' id='word_1_199' title='bbox 637 3903 851 3981; x_wconf 86' lang='lat' dir='ltr'>celebramus,</span> <span class='ocrx_word' id='word_1_200' title='bbox 863 3905 953 3988; x_wconf 92' lang='lat' dir='ltr'>quod</span> <span class='ocrx_word' id='word_1_201' title='bbox 966 3902 992 3942; x_wconf 82' lang='lat'>¹⁷</span> <span class='ocrx_word' id='word_1_202' title='bbox 1002 3904 1157 3988; x_wconf 89' lang='lat' dir='ltr'>deposito</span> <span class='ocrx_word' id='word_1_203' title='bbox 1168 3924 1306 3988; x_wconf 91' lang='lat' dir='ltr'>corpore</span> <span class='ocrx_word' id='word_1_204' title='bbox 1315 3904 1459 3970; x_wconf 83' lang='lat' dir='ltr'>animam</span> 
     </span>
     <span class='ocr_line' id='line_1_34' title="bbox 358 4005 1459 4093; baseline -0.003 -18"><span class='ocrx_word' id='word_1_205' title='bbox 358 4008 420 4075; x_wconf 89' lang='lat' dir='ltr'>tibi</span> <span class='ocrx_word' id='word_1_206' title='bbox 432 4005 460 4047; x_wconf 81' lang='lat'>¹⁸</span> <span class='ocrx_word' id='word_1_207' title='bbox 475 4008 616 4074; x_wconf 89' lang='lat' dir='ltr'>creatori</span> <span class='ocrx_word' id='word_1_208' title='bbox 632 4007 787 4086; x_wconf 90' lang='lat' dir='ltr'>reddidit,</span> <span class='ocrx_word' id='word_1_209' title='bbox 803 4028 905 4091; x_wconf 91' lang='lat' dir='ltr'>quam</span> <span class='ocrx_word' id='word_1_210' title='bbox 920 4008 1043 4074; x_wconf 88' lang='lat' dir='ltr'>dedisti</span> <span class='ocrx_word' id='word_1_211' title='bbox 1054 4007 1100 4073; x_wconf 77' lang='lat'>¹⁰:</span> <span class='ocrx_word' id='word_1_212' title='bbox 1122 4028 1183 4091; x_wconf 92' lang='lat' dir='ltr'>pro</span> <span class='ocrx_word' id='word_1_213' title='bbox 1198 4028 1264 4091; x_wconf 92' lang='lat' dir='ltr'>quo</span> <span class='ocrx_word' id='word_1_214' title='bbox 1274 4007 1301 4047; x_wconf 74' lang='lat'>²⁰</span> <span class='ocrx_word' id='word_1_215' title='bbox 1314 4008 1459 4093; x_wconf 91' lang='lat' dir='ltr'>petimus</span> 
     </span>
     <span class='ocr_line' id='line_1_35' title="bbox 359 4108 1460 4191; baseline 0 -14"><span class='ocrx_word' id='word_1_216' title='bbox 359 4113 505 4178; x_wconf 88' lang='lat' dir='ltr'>divinam</span> <span class='ocrx_word' id='word_1_217' title='bbox 533 4111 744 4177; x_wconf 88' lang='lat' dir='ltr'>clementiam</span> <span class='ocrx_word' id='word_1_218' title='bbox 768 4120 870 4191; x_wconf 88' lang='lat' dir='ltr'>tuam,</span> <span class='ocrx_word' id='word_1_219' title='bbox 893 4123 930 4177; x_wconf 90' lang='lat' dir='ltr'>ut</span> <span class='ocrx_word' id='word_1_220' title='bbox 958 4113 1074 4178; x_wconf 90' lang='lat' dir='ltr'>mortis</span> <span class='ocrx_word' id='word_1_221' title='bbox 1096 4111 1233 4177; x_wconf 88' lang='lat' dir='ltr'>vinculis</span> <span class='ocrx_word' id='word_1_222' title='bbox 1251 4108 1460 4179; x_wconf 82' lang='lat' dir='ltr'>absolutus¹⁰</span> 
     </span>
     <span class='ocr_line' id='line_1_36' title="bbox 359 4214 1064 4281; baseline -0.001 0"><span class='ocrx_word' id='word_1_223' title='bbox 359 4215 535 4281; x_wconf 85' lang='lat' dir='ltr'>transitum</span> <span class='ocrx_word' id='word_1_224' title='bbox 552 4224 719 4280; x_wconf 87' lang='lat' dir='ltr'>mereatur</span> <span class='ocrx_word' id='word_1_225' title='bbox 733 4216 777 4279; x_wconf 92' lang='lat' dir='ltr'>ad</span> <span class='ocrx_word' id='word_1_226' title='bbox 791 4216 895 4280; x_wconf 89' lang='lat' dir='ltr'>vitam</span> <span class='ocrx_word' id='word_1_227' title='bbox 909 4214 945 4279; x_wconf 81' lang='lat'>²¹.</span> <span class='ocrx_word' id='word_1_228' title='bbox 991 4216 1064 4281; x_wconf 88' lang='lat' dir='ltr'>Per.</span> 
     </span>
    </p>
   </div>
   <div class='ocr_carea' id='block_1_12' title="bbox 670 4361 1035 4418">
    <p class='ocr_par' dir='ltr' id='par_1_13' title="bbox 670 4361 1035 4418">
     <span class='ocr_line' id='line_1_37' title="bbox 670 4361 1035 4418; baseline -0.003 -1"><span class='ocrx_word' id='word_1_229' title='bbox 670 4386 673 4393; x_wconf 91' lang='lat'>·</span> <span class='ocrx_word' id='word_1_230' title='bbox 780 4361 1035 4418; x_wconf 83' lang='lat' dir='ltr'>Pontoommnn.</span> 
     </span>
    </p>
   </div>
   <div class='ocr_carea' id='block_1_13' title="bbox 178 4450 1462 4560">
    <p class='ocr_par' dir='ltr' id='par_1_14' title="bbox 178 4450 1462 4560">
     <span class='ocr_line' id='line_1_38' title="bbox 178 4450 1462 4560; baseline -0.001 -19"><span class='ocrx_word' id='word_1_231' title='bbox 178 4492 211 4542; x_wconf 84' lang='lat' dir='ltr'>R.</span> <span class='ocrx_word' id='word_1_232' title='bbox 405 4450 629 4559; x_wconf 83' lang='lat' dir='ltr'>Omnipotens</span> <span class='ocrx_word' id='word_1_233' title='bbox 650 4472 852 4556; x_wconf 89' lang='lat' dir='ltr'>sempiterne</span> <span class='ocrx_word' id='word_1_234' title='bbox 875 4475 977 4550; x_wconf 91' lang='lat' dir='ltr'>Deus,</span> <span class='ocrx_word' id='word_1_235' title='bbox 999 4473 1162 4539; x_wconf 90' lang='lat' dir='ltr'>collocare</span> <span class='ocrx_word' id='word_1_236' title='bbox 1184 4475 1321 4558; x_wconf 89' lang='lat' dir='ltr'>dignare</span> <span class='ocrx_word' id='word_1_237' title='bbox 1343 4495 1462 4560; x_wconf 89' lang='lat' dir='ltr'>corpus</span> 
     </span>
    </p>
   </div>
   <div class='ocr_carea' id='block_1_14' title="bbox 179 4557 324 4620">
    <p class='ocr_par' dir='ltr' id='par_1_15' title="bbox 179 4557 324 4620">
     <span class='ocr_line' id='line_1_39' title="bbox 179 4557 324 4620; baseline -0.021 -13"><span class='ocrx_word' id='word_1_238' title='bbox 179 4557 254 4607; x_wconf 84' lang='lat' dir='ltr'>Gerb.</span> <span class='ocrx_word' id='word_1_239' title='bbox 268 4566 324 4620; x_wconf 78' lang='lat'>327.</span> 
     </span>
    </p>
   </div>
   <div class='ocr_carea' id='block_1_15' title="bbox 180 4576 1462 4687">
    <p class='ocr_par' dir='ltr' id='par_1_16' title="bbox 180 4576 1462 4687">
     <span class='ocr_line' id='line_1_40' title="bbox 180 4576 1462 4687; baseline -0.005 -38"><span class='ocrx_word' id='word_1_240' title='bbox 180 4623 316 4687; x_wconf 58' lang='lat' dir='ltr'>Menam.</span> <span class='ocrx_word' id='word_1_241' title='bbox 360 4586 395 4644; x_wconf 89' lang='lat' dir='ltr'>et</span> <span class='ocrx_word' id='word_1_242' title='bbox 424 4579 571 4643; x_wconf 89' lang='lat' dir='ltr'>animam</span> <span class='ocrx_word' id='word_1_243' title='bbox 601 4588 635 4644; x_wconf 89' lang='lat' dir='ltr'>et</span> <span class='ocrx_word' id='word_1_244' title='bbox 664 4576 857 4662; x_wconf 81' lang='lat' dir='ltr'>spiritum²²</span> <span class='ocrx_word' id='word_1_245' title='bbox 888 4577 1003 4643; x_wconf 83' lang='lat' dir='ltr'>famuli</span> <span class='ocrx_word' id='word_1_246' title='bbox 1035 4579 1083 4644; x_wconf 89' lang='lat' dir='ltr'>tui</span> <span class='ocrx_word' id='word_1_247' title='bbox 1114 4578 1220 4655; x_wconf 85' lang='lat' dir='ltr'>Illius,</span> <span class='ocrx_word' id='word_1_248' title='bbox 1249 4579 1342 4644; x_wconf 91' lang='lat' dir='ltr'>cuius</span> <span class='ocrx_word' id='word_1_249' title='bbox 1372 4579 1462 4644; x_wconf 90' lang='lat' dir='ltr'>diem</span> 
     </span>
    </p>
   </div>
   <div class='ocr_carea' id='block_1_16' title="bbox 362 4679 1538 4767">
    <p class='ocr_par' dir='ltr' id='par_1_17' title="bbox 362 4679 1538 4767">
     <span class='ocr_line' id='line_1_41' title="bbox 362 4679 1538 4767; baseline 0.001 -20"><span class='ocrx_word' id='word_1_250' title='bbox 362 4683 552 4767; x_wconf 88' lang='lat' dir='ltr'>septimum,</span> <span class='ocrx_word' id='word_1_251' title='bbox 581 4683 634 4746; x_wconf 92' lang='lat' dir='ltr'>vel</span> <span class='ocrx_word' id='word_1_252' title='bbox 665 4681 867 4747; x_wconf 90' lang='lat' dir='ltr'>tricesimum</span> <span class='ocrx_word' id='word_1_253' title='bbox 877 4680 914 4760; x_wconf 80' lang='lat'>²³,</span> <span class='ocrx_word' id='word_1_254' title='bbox 946 4683 1039 4748; x_wconf 62' lang='lat' dir='ltr'>*sive</span> <span class='ocrx_word' id='word_1_255' title='bbox 1067 4684 1309 4767; x_wconf 89' lang='lat' dir='ltr'>depositionem</span> <span class='ocrx_word' id='word_1_256' title='bbox 1321 4679 1348 4719; x_wconf 75' lang='lat'>²⁴</span> <span class='ocrx_word' id='word_1_257' title='bbox 1378 4681 1461 4749; x_wconf 88' lang='lat' dir='ltr'>cele·</span> <span class='ocrx_word' id='word_1_258' title='bbox 1477 4691 1538 4748; x_wconf 86' lang='grc'>763</span> 
     </span>
    </p>
   </div>
   <div class='ocr_carea' id='block_1_17' title="bbox 0 0 1697 5828">
    <p class='ocr_par' dir='ltr' id='par_1_18' title="bbox 0 0 1697 5828">
     <span class='ocr_line' id='line_1_42' title="bbox 0 0 1697 5828; baseline 0 0"><span class='ocrx_word' id='word_1_259' title='bbox 0 0 1697 5828; x_wconf 95' lang='lat' dir='ltr'> </span> 
     </span>
    </p>
   </div>
  </div>
 </body>
</html>
