3352 5828
321 373 384 438 206
600 382 729 440 uana
748 381 1137 440 SACRAMENTORUM
1193 379 1419 452 [Inlustrata

744 557 995 616 Postoommun.
1012 635 1017 642 p

134 680 160 732 S
175 678 272 745 (nite)
362 670 506 748 Praesta,
535 669 688 748 Domine,
711 691 923 755 quaesumus,
948 680 985 736 ut
1014 670 1212 737 sacramenti
1237 669 1287 736 tui
1314 669 1419 755 parti-

134 746 283 876 iffi?
317 774 485 861 cipatione
520 748 667 858 vegetati
703 785 847 842 sauctae.
876 774 1059 842 Felicitatis
1091 794 1225 861 quoque
1262 774 1420 858 martyris

135 876 205 928 Pam,
218 888 276 941 35⁵·
318 878 470 963 precibus
483 881 688 945 adiuvemur.
732 879 804 947 Per.

351 1014 360 1044 ¹
376 1016 447 1064 Pani.
459 1015 546 1066 hierii
556 1014 705 1065 obsecrantes
716 1021 753 1066 iit.
815 1012 826 1043 ¹
843 1015 986 1065 solemnitas
996 1014 1080 1081 mfictu
1089 1014 1135 1073 V.;
1152 1014 1227 1066 certi
1235 1014 1307 1065 Pam.
1317 1031 1345 1065 as
1352 1020 1404 1066 text
1413 1030 1421 1074 ς

318 1078 344 1131 S.
352 1079 445 1146 mfictii.
498 1079 522 1159 ι’
538 1079 711 1196 εωζιεείοηιπ
722 1079 846 1160 &ditavit
855 1086 880 1130 et
889 1081 1037 1158 sanguninem
1047 1080 1077 1130 V.
1087 1096 1094 1136 ;
1110 1079 1135 1131 S.
1149 1080 1225 1159 Gerb.
1236 1080 1308 1130 Pam.
1313 1096 1348 1158 'is
1358 1087 1421 1131 text.

319 1145 559 1261 ziziphi'sgnngninim
598 1162 647 1197 sm.
667 1145 731 1197 addi
753 1152 922 1196 miserationis
941 1159 1036 1212 quoqne
1057 1152 1115 1195 tuae
1134 1151 1284 1196 continuum
1306 1147 1421 1212 impiant

801 1373 944 1431 LXVII.

384 1503 430 1570 In
455 1503 604 1569 Narin
628 1502 867 1571 Snucsonon
891 1517 1107 1570 uinrvnuu
1132 1502 1356 1584 Sinununu,

452 1606 643 1686 crustum,
665 1607 806 1683 Meum,
832 1608 992 1683 DARIAE,
1014 1621 1061 1673 nr
1079 1621 1253 1675 amonuit
1265 1607 1289 1672 ¹.

693 1729 737 1794 iii
748 1727 830 1793 Kal.
845 1728 1043 1794 Decembres

364 1864 543 1930 Beatorum
560 1874 753 1948 martyrum,
770 1864 925 1944 Domine,
941 1864 1110 1931 Saturnini
1125 1875 1159 1930 et
1171 1864 1315 1931 Crisanti
1331 1867 1420 1932 adsit

321 1970 437 2046 oratio,
453 1977 490 2033 ut
505 1989 588 2053 quos
610 1969 772 2054 obsequio
786 1988 981 2053 veneramur
1002 1970 1059 2054 pio
1074 1969 1194 2053 iugiter
1207 1970 1421 2062 esperiamur

319 2073 455 2140 auxilio.
499 2074 570 2140 Per.

137 1883 214 2001 gerb.
228 1961 285 2000 soe.

795 2169 942 2227 &omisi

364 2278 481 2365 Populi
511 2279 570 2356 tui,
599 2281 754 2360 Domine,
783 2301 992 2366 quaesumus,
1021 2278 1081 2346 tibi
1110 2290 1205 2365 grata
1234 2282 1278 2349 sit
1303 2281 1420 2360 hostia,

320 2380 428 2469 quae²
442 2384 600 2449 natalitiis
615 2393 803 2450 sanctorum
827 2395 1011 2469 martyrum
1034 2394 1166 2451 tuorum
1191 2384 1363 2453 Saturnini
1386 2398 1419 2451 et

322 2487 464 2554 Crisanti
479 2487 765 2554 solemnitatibus⁸
780 2488 977 2554 immolatur.
1022 2490 1093 2555 Per.

139 2329 215 2412 deb.
229 2371 284 2410 ιω.

746 2626 998 2704 Postoommun.

368 2756 569 2843 Mysteriis⁴,
598 2759 753 2838 Domine,
787 2758 905 2844 repleti
938 2779 1061 2839 sumus,
1083 2760 1171 2825 votis
1201 2770 1235 2826 et
1270 2760 1422 2846 gaudiis3

324 2873 464 2949 praesta,
480 2882 691 2947 quaesumus,
708 2874 745 2928 ut
763 2884 821 2947 per
840 2863 1110 2928 intercessionem
1131 2872 1320 2929 sauctorum
1336 2886 1421 2929 mar-

325 2976 437 3050 tyrum
468 2975 600 3031 tuorum
630 2965 801 3032 Saturnini
831 2976 865 3031 et
895 2965 1068 3042 Crisanti⁶,
1093 2988 1179 3051 quae
1208 2969 1423 3051 corporaliter

324 3070 455 3156 agimus
470 3068 659 3153 spiritaliter
673 3090 922 3152 consequamur.
968 3071 1030 3134 Per
1045 3070 1237 3135 Dominum.

357 3205 367 3236 ¹
383 3207 408 3257 S.
423 3206 497 3257 Gerb.
514 3205 576 3255 omit
590 3211 614 3256 et
628 3205 742 3255 alioruin
754 3204 818 3255 froin
834 3205 877 3257 the
892 3203 955 3267 title,
967 3205 1043 3257 while
1057 3207 1127 3257 Pam.
1139 3205 1187 3256 und
1203 3206 1271 3257 Men.
1283 3204 1422 3271 only'men·

326 3271 379 3321 tlon
390 3272 415 3322 S.
428 3270 579 3322 Saturninus.
613 3271 669 3321 The
681 3278 794 3322 contenti
805 3271 835 3321 oi
841 3271 888 3321 the·
896 3272 992 3321 Missae
1002 3272 1027 3321 in
1039 3272 1106 3322 Meu.
1116 3271 1165 3322 sud
1178 3273 1277 3337 (except
1285 3287 1313 3321 ni
1382 3273 1423 3321 nis

326 3336 369 3387 the
380 3336 611 3396 Postcommunion)
623 3337 648 3385 in
661 3336 739 3398 Pin,
751 3352 793 3386 ere
804 3336 917 3387 different
930 3337 995 3386 froin
1006 3337 1073 3386 what
1089 3337 1111 3387 is
1126 3343 1154 3386 to
1169 3338 1200 3388 be
1215 3337 1293 3387 found
1309 3337 1335 3386 in
1377 3373 1384 3386 .
1395 3338 1421 3388 S.

325 3401 376 3452 aud
387 3401 463 3453 Gerb.
560 3400 571 3431 ⁸
586 3400 615 3451 S¹
626 3401 701 3452 Gerli
715 3403 789 3452 insert
800 3401 838 3452 in.
937 3401 947 3431 ⁸
963 3402 1019 3452 The
1030 3402 1188 3452 termination
1199 3404 1228 3453 oi
1235 3403 1286 3453 this
1296 3402 1366 3452 word
1377 3403 1423 3452 his

326 3468 388 3518 been
399 3465 502 3516 marked
513 3466 551 3517 sor
561 3467 679 3517 omission
691 3468 725 3530 by
735 3466 772 3527 8¹,
783 3467 932 3533 apparently
943 3468 981 3517 ior
993 3466 1113 3531 ichsuge
1123 3474 1151 3517 to
1161 3468 1317 3528 solemniter3
1335 3468 1421 3529 Gerb,

326 3532 450 3593 however,
462 3547 548 3597 agrees
558 3531 619 3582 with
630 3532 663 3582 V.
676 3533 726 3582 und
736 3530 772 3582 8¹.
878 3533 889 3565 ⁴
907 3531 1023 3596 Mysii'cis
1033 3533 1102 3583 Pam.
1199 3534 1210 3564 ⁸
1226 3533 1422 3583 intercessionem

250 3635 255 3647 .
327 3597 393 3648 beati
401 3597 545 3647 Satumini
554 3597 674 3661 niartyir‘s
684 3597 729 3647 tsii
738 3598 807 3648 Pam.

796 3785 960 3843 LXVIII.

574 3919 618 3984 lu
641 3918 804 3983 V1o1i1a‘
818 3931 957 3984 saucii
979 3916 1179 3984 Anninus.

698 4056 741 4122 i'i'e‘
753 4055 835 4140 Kal.
850 4054 1050 4121 Decembres.

148 4218 216 4270 its.
370 4195 477 4261 Tuere
499 4214 570 4273 nos,
591 4192 776 4258 misericors
798 4193 901 4270 Deus,
925 4201 960 4259 et
981 4194 1070 4259 beati
1098 4192 1257 4259 Andreae
1281 4194 1423 4278 apostoli

148 4285 292 4415 ἓξὲξ·
328 4301 376 4366 tui
398 4301 491 4364 cuius
513 4298 663 4363 natalitia
684 4298 924 4382 praevenimus,
938 4317 1069 4381 semper
1083 4298 1229 4381 guberna
1242 4299 1430 4381 praesidiis.-

146 4415 217 4466 Μαι.
231 4387 287 4479 143:
331 4404 399 4469 Per.

792 4486 961 4552 seorets1.
1158 4483 1161 4488 ’
1438 4502 1498 4558 675

148 4606 304 4672 natanti)
373 4592 589 4678 Apostolicae
615 4592 817 4658 reverentiae
847 4591 977 4658 culinen
1003 4591 1178 4669 offerimus,
1203 4591 1305 4657 sacris
1336 4612 1424 4675 mys·

149 4673 224 4725 ⁰⁸³¹*
239 4673 294 4725 ¹⁸¹·
332 4698 418 4763 teriis
439 4697 674 4778 imbuendum3
698 4706 840 4780 praesta,
864 4697 1016 4778 Domine,
1031 4717 1229 4781 quaesumus
1237 4694 1259 4776 ²,
1278 4706 1314 4762 ut
1336 4696 1426 4761 beati
