3352 5828
362 376 425 459 348
797 386 1027 482 Appsunrx.

181 552 256 606 cern
391 545 461 633 [ntii'
471 546 544 609 Kal.
559 547 616 609 Iul.
629 549 702 612 Nat.
717 547 751 610 S.
765 549 886 612 Ioannai
899 551 986 631 Bapt.
1028 550 1066 611 In
1075 552 1176 630 prtina
1190 552 1277 611 meisa
1290 549 1322 610 de
1334 549 1436 612 Nocte.

180 635 206 685 p.
220 633 278 684 ψ’
463 663 605 726 Concede
625 684 654 745 q.
676 685 706 728 o.
724 664 763 728 D.
785 677 817 727 nt
838 667 889 747 qui
909 668 987 729 beati

463 762 501 823 D.
521 764 604 826 cuius
623 764 823 827 misericordia
844 778 1046 845 praecurrente

464 860 584 923 Praesta
605 881 634 942 q.
656 881 685 924 o.
705 862 744 923 D.
764 874 797 925 ut
817 865 868 944 qui
888 861 1037 947 caelestia]

180 1007 248 1061 Gerb
267 1025 303 1076 pp
744 1009 799 1071 Aa
808 1011 933 1073 Maitona
947 1015 978 1072 in
987 1011 1045 1072 Die
1055 1010 1073 1074 ¹.

182 1086 300 1140 '⁴⁰⁸⁰'
463 1123 502 1186 D.
525 1125 574 1205 qui
595 1137 779 1205 praesentem
798 1127 877 1189 diem
897 1127 1098 1190 honorabilem

447 1222 503 1286 eo.
524 1244 549 1285 s.
568 1223 609 1288 D.
632 1226 681 1305 qui
702 1226 831 1288 instituta
850 1226 954 1306 legalia

447 1321 533 1384 *Tua
552 1322 629 1386 Dne.
649 1323 819 1387 muneribus
838 1324 937 1386 altaria
957 1325 1146 1387 cumulamus.

447 1419 532 1482 evD.
551 1421 589 1483 In
609 1423 656 1484 die
677 1422 834 1485 festivitatis

467 1518 569 1582 Sumat
589 1522 712 1584 ecclesie
731 1532 782 1583 tua
802 1521 840 1582 D.
860 1522 937 1583 beati
958 1522 1078 1584 Ioannis

182 1668 257 1721 Gerin
270 1685 314 1736 pp.
784 1673 871 1734 Alios
887 1671 1045 1734 Oratim

183 1747 304 1802 mm
465 1781 528 1869 [Da
547 1805 576 1865 q.
597 1806 637 1848 m.
658 1787 697 1848 D.
717 1797 750 1848 ut
769 1789 899 1867 mysticis
919 1785 1057 1872 ecclesia]

464 1883 503 1944 D.
524 1886 574 1965 qui
593 1903 649 1946 nos
670 1887 699 1947 b.
720 1886 843 1947 Ioannis
862 1886 1009 1966 Baptistae

364 1982 522 2061 Adsentes.
564 1982 601 2045 0.
622 2002 646 2045 s.
666 1984 705 2044 D.
725 1983 764 2045 da
784 1985 923 2047 cordibus
943 1985 1050 2047 nostris

565 2081 604 2142 D.
625 2083 675 2162 qui
696 2083 842 2163 conspicis
861 2084 930 2163 quia
950 2103 1005 2146 nos
1025 2083 1156 2164 undique

563 2176 626 2264 [Da
648 2200 676 2261 q.
697 2200 725 2243 o.
744 2180 783 2241 D.
804 2183 879 2243 intra
898 2192 1016 2243 mactae
1036 2183 1177 2244 ecclesiae
1199 2181 1327 2268 uenum]

567 2276 619 2363 [D.
642 2280 692 2358 qui
713 2298 769 2341 nos
790 2299 889 2343 annua
909 2283 937 2343 b.
959 2277 1096 2364 Ioannis]

548 2375 619 2461 [ιο.
641 2391 670 2439 ct
690 2397 729 2440 m.
749 2378 787 2439 D.
809 2381 908 2460 quib.
930 2376 1090 2464 Ioannem]

594 2532 640 2590 vti'
649 2528 722 2590 Kal.
734 2528 792 2590 Iul.
815 2531 875 2608 Vig.
890 2530 947 2593 SS.
962 2530 1082 2592 Ioanm'r
1095 2539 1122 2593 et
1132 2532 1234 2593 Pauli.

466 2643 622 2707 Beatorum
643 2655 804 2725 martyrum
824 2646 945 2708 Ioannis
967 2657 996 2707 et
1016 2647 1100 2708 Pauli

468 2741 533 2803 Sint
552 2743 603 2804 tibi
624 2763 653 2823 q.
673 2743 750 2804 Dne.
771 2745 863 2806 nostri
883 2763 1006 2807 munera
1026 2757 1110 2824 grata

466 2840 591 2919 Protege
611 2841 687 2903 Dne.
708 2842 825 2922 plebem
845 2852 925 2904 tuam
945 2852 975 2904 et
994 2862 1085 2922 quam
1106 2853 1266 2920 martyrum

594 2992 627 3049 vi
638 2989 709 3051 Kal.
723 2990 781 3051 Iul.
794 2987 866 3053 Nat.
881 2991 939 3055 SS.
953 2991 1072 3052 Ioannis
1085 3001 1111 3052 e!
1121 2992 1222 3054 Pauli.

468 3105 507 3178 Q.
529 3124 557 3166 o.
577 3105 616 3168 D.
640 3116 672 3165 ut
692 3124 747 3168 nos
768 3108 915 3185 geminata

449 3301 534 3363 sVD.
555 3301 638 3362 Beati
658 3302 766 3362 etenim
787 3313 929 3381 martyres

469 3400 590 3480 Sumpta
609 3419 731 3461 munera
750 3400 827 3462 Due.
848 3413 965 3464 nostrae

709 3549 799 3610 Hedd.
815 3553 918 3628 nipast
928 3551 1114 3612 Pentecosten.

465 3663 514 3725 Da
533 3664 617 3725 nobis
638 3663 713 3725 Dne.
734 3683 763 3743 q.
784 3674 817 3726 ut
836 3676 865 3727 et
885 3666 987 3726 mundi
1007 3684 1108 3727 cursus

466 3762 580 3823 Exaudi
600 3781 656 3824 nos
676 3763 714 3823 D.
735 3765 867 3824 salutaris
887 3775 987 3825 noster

467 3861 671 3923 oblationibus
691 3881 720 3940 q.
741 3861 818 3922 Due.
840 3862 957 3940 plasme
979 3864 1122 3941 susceptis
1143 3861 1231 3924 etad
1252 3868 1302 3924 te'

466 3960 533 4021 VD.
554 3958 737 4020 Maiestatem
758 3971 841 4021 tuam
861 3961 1027 4041 suppliciter
1047 3961 1237 4041 deprecantes

468 4057 608 4138 Mysteria
627 4077 683 4126 nos
704 4057 779 4124 Dne.
801 4068 904 4121 sancta
923 4061 1077 4139 purificent

596 4212 627 4268 rin
640 4206 712 4268 Kal.
725 4207 784 4269 Iul.
807 4208 868 4288 Vig.
882 4207 980 4307 Aponi.
994 4210 1081 4271 Petri
1090 4217 1117 4271 et
1128 4209 1229 4271 Pauli.

467 4326 506 4387 D.
528 4326 578 4404 qui
599 4325 684 4385 nobis
705 4324 904 4404 apostolorum
925 4327 1077 4386 beatorum

468 4425 585 4486 Praesta
605 4444 633 4503 q.
656 4443 684 4485 o.
704 4423 743 4484 D.
765 4434 796 4484 ut
816 4423 901 4484 nullis
922 4442 978 4484 nos
999 4424 1148 4502 permittas

448 4523 591 4585 manem
611 4522 688 4586 Dne.
708 4533 775 4584 tuae
796 4522 1014 4602 glorificationis
1034 4522 1182 4583 offerimus

493 4713 502 4742 ¹
518 4715 549 4765 R.
561 4714 606 4766 has
617 4715 669 4765 viii
679 4715 723 4766 Ka
735 4714 787 4766 lut
800 4704 872 4766 Nati.
885 4715 929 4766 SR
941 4712 1065 4767 Iohannis
1075 4713 1188 4778 Bapts'stc
1199 4712 1235 4763 ad
1242 4712 1333 4764 Missa.
