3352 5828
307 397 352 461 44
593 385 722 442 LIBER
742 383 1128 444 SACRAMENTORUM
1268 382 1302 451 [1.
1313 383 1403 435 xxviii.

729 559 785 617 Ad
806 557 985 630 Populum.

125 678 281 865 ιὲἒὲαζιὲ)
352 673 497 758 Gregem
522 681 627 751 tuum,
652 673 770 738 Pastor
793 673 891 749 bone,
912 669 1060 757 placatus
1089 671 1230 750 intende,
1255 681 1289 736 et
1314 691 1404 750 oves,

125 814 232 878 1ae0n3
307 798 390 862 quas
412 777 558 863 pretioso
579 776 738 862 sanguine
760 774 836 840 Filii
858 772 944 842 tui¹⁰
965 775 1140 851 redemisti,
1156 773 1322 841 diabolica
1337 795 1403 840 non

125 831 274 945 *331363-
308 883 395 947 sinas
410 882 593 948 incursione
610 880 753 947 lacerari
800 880 870 944 Per.

125 943 283 1010 rnxvrrsnr.

613 1050 715 1117 Feria
737 1051 775 1116 vi
793 1049 949 1116 Hebdom.
972 1050 1096 1135 quium

125 1186 196 1239 Ins„
352 1172 478 1238 Tribue
500 1171 604 1251 nobis,
625 1191 833 1256 quaesumus,
855 1172 1009 1251 Domine,
1031 1171 1269 1256 indulgentiam
1287 1190 1404 1256 pecca·

139 1254 257 1370 ῙᾯΗξζ
308 1287 428 1358 torum,
446 1286 483 1342 ut
498 1277 648 1344 instituta
662 1276 830 1363 paschalia
841 1276 902 1343 tibi
916 1275 1047 1361 placitis
1059 1277 1208 1343 sensibus
1219 1297 1404 1362 operemur.

310 1381 379 1447 Per.

126 1500 197 1552 RS.
353 1485 573 1570 Omnipotens
601 1484 801 1569 sempiterne
833 1484 934 1563 Deus,
962 1484 1172 1567 clementiam
1202 1495 1296 1550 tuam
1326 1505 1403 1569 sup-

127 1564 267 1697 gfflg·
309 1588 437 1673 pliciter
465 1608 642 1654 exoramus
671 1588 791 1672 utqui
822 1588 909 1654 mala
938 1598 1051 1654 nostra
1078 1608 1210 1673 semper
1234 1589 1404 1674 praevenis

309 1691 628 1758 miserendo-facias
650 1712 711 1756 nos
725 1689 752 1730 ²¹
774 1692 835 1756 tibi
857 1691 996 1777 placitos
1017 1702 1052 1759 et
1076 1693 1139 1777 piis
1160 1693 1347 1759 actionibus
1369 1702 1404 1758 et
1419 1699 1478 1757 532

308 1796 436 1861 ieiuniis
450 1795 636 1861 salubribus
650 1795 830 1879 expiando.
875 1796 945 1862 Per.

780 1941 927 1999 Secreta.

128 2063 159 2114 R.
170 2062 196 2115 S.
353 2045 532 2113 Sanctifica
542 2067 613 2122 nos,
624 2065 832 2130 quaesumus,
844 2045 997 2124 Domine,
1007 2046 1060 2112 his
1071 2046 1261 2112 muneribus
1271 2045 1405 2114 offeren-

129 2126 257 2193 0333363
309 2151 370 2228 dis,
400 2160 434 2216 et
467 2150 631 2236 paschalis
660 2150 889 2217 observantiae
917 2151 1131 2217 sufficientem
1168 2151 1266 2217 nobis
1297 2151 1405 2218 tribue

309 2254 511 2321 facultatem.
556 2253 629 2319 Per.
732 2312 983 2369 postcommun·

129 2440 253 2507 moyn.
356 2425 420 2502 Da,
430 2444 636 2509 quaesumus,
648 2425 800 2501 Domine,
809 2433 848 2489 ut
856 2426 940 2491 tanti
953 2425 1101 2508 mysterii
1113 2445 1231 2490 munus
1240 2425 1406 2492 indultum

312 2548 378 2593 non
393 2528 624 2595 condemnatio
640 2528 699 2594 sed
712 2528 754 2593 sit
769 2528 932 2594 medicina
945 2529 1160 2594 sumentibus.
1205 2528 1276 2594 Per.

726 2671 782 2729 Ad
802 2672 982 2742 Populum.

132 2797 165 2849 R.
175 2796 202 2848 s.
359 2776 509 2860 Protege,
525 2776 678 2854 Domine,
690 2776 851 2861 populum
865 2786 960 2841 tuum
975 2786 1009 2842 et
1024 2777 1058 2841 in
1070 2787 1259 2843 sanctorum
1274 2788 1407 2844 tuorum

132 2863 209 2914 cers.
221 2860 262 2925 63
315 2880 500 2963 patrocinio
515 2861 735 2944 confidentem
749 2891 909 2965 perpetua
923 2879 1109 2947 defensione
1124 2880 1282 2966 guberna.
1336 2881 1407 2946 Per.

547 3067 551 3078 ·
618 3051 719 3116 Fm‘a
740 3052 790 3116 vii
809 3049 965 3118 Hebdom.
987 3052 1111 3135 quinta.

132 3186 288 3252 xviiisupro.
361 3170 582 3255 Omnipotens
610 3171 809 3255 sempiterne
837 3171 939 3250 Deus,
967 3173 1024 3255 qui
1052 3193 1112 3257 per
1139 3169 1408 3238 abstinentiam²²

132 3254 280 3383 {tm
317 3274 497 3340 salutarem
511 3283 545 3339 et
560 3274 752 3358 corporibus
767 3275 886 3339 nostris
901 3275 1039 3339 mederis
1054 3285 1088 3340 et
1103 3276 1277 3355 mentibus,
1291 3277 1409 3340 maies-

134 3384 205 3436 Pam·
217 3396 275 3448 342·
316 3386 422 3442 tatem
444 3386 537 3442 tuam
559 3376 725 3461 supplices
746 3396 930 3457 exoramus,
944 3387 981 3442 ut
1002 3379 1058 3461 pia
1079 3377 1294 3443 ieiunantium
1312 3399 1409 3462 prece

316 3479 469 3565 placatus
487 3492 521 3546 et
540 3481 726 3564 praesentia
745 3481 842 3546 nobis
859 3480 1004 3546 subsidia
1023 3483 1181 3565 praebeas
1201 3493 1235 3547 et
1254 3483 1363 3546 lutura
1371 3479 1408 3545 ²³.

318 3584 391 3649 Per.

134 3710 205 3763 ps,
362 3686 577 3752 Sanctificate
614 3684 770 3753 ieiunio²⁴
799 3697 932 3754 tuorum
963 3688 1063 3754 corda
1092 3687 1237 3754 fidelium
1246 3685 1283 3768 33,
1317 3689 1410 3754 Deus

135 3776 264 3894 (ἐξιῇ).
319 3791 490 3857 miserator
498 3787 533 3868 ⁹⁸,
548 3789 693 3872 illustra;
717 3803 751 3858 et
765 3793 886 3876 quibus
907 3793 1091 3858 devotionis
1111 3789 1296 3877 praestas²⁷
1311 3793 1410 3859 affec·

134 3908 205 4025 {afim
189 3920 274 4024 kapp
317 3904 399 3975 tum,
410 3893 533 3979 praebe
546 3895 810 3980 supplicantibus
824 3898 917 3981 pium
931 3895 1091 3982 benignus
1101 3897 1260 3963 auditum.
1296 3896 1366 3961 Per.
1378 3923 1409 3980 y.

136 4051 196 4104 411·
791 4042 937 4101 semota

136 4158 207 4208 Pam.
220 4156 276 4221 ηε.
362 4144 573 4225 sacrificial&
603 4146 760 4227 Domine,
789 4148 983 4234 propensius
1016 4148 1079 4213 ista
1113 4157 1296 4213 restaurent
1325 4170 1410 4232 quae

137 4223 205 4275 Μ
216 4221 257 4273 ⁶²·
319 4250 568 4316 medicinalibus
582 4260 661 4316 sunt
674 4252 826 4317 instituta
840 4252 974 4316 ieiuniis.
1019 4251 1088 4316 Per.
1102 4277 1130 4334 γ.

741 4397 990 4454 Postoommun.

364 4499 536 4586 Supplices
550 4512 585 4567 te
600 4522 763 4588 rogamus,
779 4503 924 4568 Domine
941 4502 1035 4567 Deus
1054 4511 1174 4578 noster,
1190 4511 1227 4567 ut
1246 4502 1332 4567 sicut
1351 4523 1411 4569 nos

320 4604 395 4669 Filii
412 4606 461 4670 tui
485 4606 629 4690 corporis
653 4616 687 4672 et
709 4605 876 4691 sanguinis
897 4606 1093 4671 sacrosancti
1115 4606 1222 4690 pascis
1244 4606 1410 4685 alimonio,

320 4710 366 4775 ita
382 4730 441 4776 nos
456 4720 490 4776 et
504 4709 634 4776 divinae
649 4718 784 4776 naturae
799 4709 869 4774 eius
884 4708 983 4776 iacias
998 4729 1069 4776 esse
1083 4719 1261 4776 consortes.
1306 4709 1377 4774 Per.
