3352 5828
857 371 1087 430 APPENDIX.

519 533 659 598 Caelestis
679 533 751 596 doni
771 535 975 598 benedictione
995 548 1133 616 percepta

517 632 632 695 Exaudi
653 652 682 713 q.
705 632 781 695 Due.
798 635 941 714 gemitum
961 634 1064 715 populi

558 791 649 854 Feria
663 810 681 854 v
696 793 738 854 ad
749 791 782 855 S.
794 791 991 874 Apolh'narem
1005 791 1196 876 (apollonarii
1209 792 1264 857 Ei.
1279 814 1305 858 v.
1320 794 1380 878 R.).

518 907 633 970 Tribue
652 908 739 969 nobis
760 927 789 988 q.
809 908 887 972 Due.
908 909 1119 989 indulgentiam

517 1006 656 1068 Concede
677 1023 717 1066 m
737 1005 775 1066 D.
794 1017 828 1067 ut
847 1007 922 1069 sicut
942 1026 999 1069 nos

517 1103 656 1166 Concede
676 1104 763 1166 nobis
783 1104 860 1166 Dne.
880 1126 910 1186 q.
930 1114 964 1167 ut
983 1105 1153 1168 celebraturi

518 1202 642 1282 vegetet
661 1221 718 1265 nos
739 1202 815 1264 Dne.
836 1223 951 1284 semper
971 1215 1002 1265 et
1021 1205 1139 1266 innovet

520 1301 662 1364 Suocurre
682 1320 712 1381 q.
732 1302 810 1364 Dne.
830 1303 941 1383 populo
963 1303 1136 1383 supplicanti

634 1459 726 1520 Ferr'a
746 1463 782 1521 υἱ
796 1461 839 1522 ad
855 1458 887 1522 S.
909 1458 1080 1540 Stephanum
1104 1459 1172 1542 (Et.
1193 1481 1218 1522 v.
1241 1458 1300 1543 R.).

515 1575 660 1637 Cordrlrus
682 1576 788 1637 nosmis
809 1574 885 1639 Dne.
907 1576 1052 1655 benignus
1072 1575 1193 1638 infunde

519 1673 557 1736 0.
579 1692 601 1735 s.
623 1672 661 1732 D.
681 1673 867 1735 clementiam
888 1684 969 1734 tuem
989 1674 1156 1755 suppliciter

520 1770 676 1832 Sanctifica
696 1789 753 1833 nos
773 1790 802 1850 q.
823 1770 899 1833 Due.
922 1772 968 1834 his
988 1773 1159 1834 muneribus

519 1869 634 1948 Sumpti
655 1870 787 1931 sacrificii
808 1869 885 1930 Dne.
906 1880 1049 1949 perpetus

518 1968 643 2047 Protege
665 1967 740 2034 Due.
763 1967 907 2048 populum
927 1979 1010 2028 tuum
1030 1969 1110 2030 etin
1132 1979 1298 2032 sanctonum

650 2125 804 2188 Sabbatum
825 2133 916 2188 vaca.
958 2121 1140 2208 [Elemoma
1162 2122 1287 2210 daret]

518 2240 567 2301 Du
586 2241 672 2302 nobis
692 2242 909 2302 observantiam
931 2240 1007 2302 Dne.
1026 2242 1185 2322 legitimam

518 2337 602 2399 Deus
619 2338 669 2418 qui
690 2341 764 2400 iuste
784 2341 916 2401 irasceris
934 2350 963 2400 et
983 2341 1142 2402 clementer

517 2436 637 2498 Praesta
658 2456 686 2517 q.
708 2456 736 2498 o.
758 2436 797 2499 D.
817 2447 850 2498 ut
870 2438 1044 2500 ieiuniorum

517 2534 630 2596 Adesto
650 2535 727 2596 Dne.
748 2535 882 2597 fidelibus
902 2536 959 2597 tuis
979 2545 1009 2598 et
1029 2555 1105 2616 quos

518 2632 669 2694 Conserva
688 2652 718 2712 q.
739 2634 815 2695 Dne.
836 2633 978 2713 populum
998 2645 1081 2694 tuum

237 2793 312 2845 cern
613 2788 672 2849 Die
692 2788 844 2876 Dentriu‘ca
865 2792 906 2850 cd
922 2791 1045 2852 Palmae
1065 2793 1106 2851 cd
1124 2791 1157 2853 S.
1178 2791 1338 2855 loannem&

237 2873 280 2926 pp.
292 2856 383 2925 ⁶⁵'⁶⁶‘
521 2903 559 2966 0,
580 2922 603 2964 s.
624 2904 663 2964 D.
684 2906 734 2984 qui
753 2905 883 2967 humano
903 2908 1003 2985 generi
1024 2907 1061 2967 ad
1082 2907 1254 2967 imitandum

502 3002 601 3063 *Deus
621 3021 712 3081 quem
731 3003 851 3080 diligere
871 3014 900 3064 et
919 3022 1018 3064 amare

523 3100 593 3177 Ipsa
612 3101 757 3161 maiestati
777 3110 845 3160 tuse
866 3100 943 3162 Dne.
963 3102 1063 3162 fideles
1083 3102 1210 3181 populos

522 3197 592 3259 VD.
611 3217 664 3276 per
684 3216 775 3277 quem
796 3198 883 3259 nobis
904 3198 1084 3277 indulgentia

523 3295 642 3356 Praesta
663 3296 749 3356 nobis
770 3314 799 3356 o.
821 3295 859 3357 D.
881 3305 913 3356 ut
934 3297 1003 3377 quie
1023 3298 1097 3359 vitiis

523 3393 648 3454 Purifica
668 3411 698 3472 q.
719 3393 796 3455 Dne.
817 3393 956 3456 familiam
976 3397 1077 3456 tuam⁸

239 3560 315 3614 Germ
321 3579 347 3629 p.
354 3560 395 3612 66.
502 3550 593 3610 Fm'a
613 3552 639 3610 ii
656 3553 697 3610 ad
714 3550 772 3612 SS.
793 3551 918 3612 Nereum
939 3561 965 3612 et
983 3551 1142 3614 Achillem
1155 3551 1206 3634 (R.
1221 3553 1294 3617 adds
1314 3554 1369 3617 Et.
1390 3552 1443 3636 vr).

520 3665 570 3726 Da
590 3684 618 3744 q.
641 3685 669 3727 o.
689 3665 727 3726 D.
747 3667 847 3745 utqui
867 3667 898 3728 in
918 3678 962 3728 tot
980 3668 1107 3730 adversis

523 3763 1043 3844 Dam.D.utqu0dintuiFilii

525 3862 649 3940 Respice
670 3862 748 3924 Due.
768 3864 911 3942 propitius
932 3883 1015 3926 sacra
1035 3867 1173 3943 mysteria

525 3960 780 4022 Sacramentomm
801 3971 919 4023 tuorum
939 3964 1142 4025 benedictione

525 4059 593 4120 Tua
613 4078 668 4120 nos
688 4060 888 4122 misericordia
909 4060 947 4123 D.
969 4071 997 4122 et
1017 4064 1056 4123 ab
1077 4064 1158 4124 omni

242 4235 396 4303 (κώμῳ,
610 4216 701 4277 Fers'a
722 4219 759 4277 iii
776 4220 818 4277 ad
834 4217 867 4280 S.
888 4219 1023 4280 Priscam
1044 4219 1094 4301 (R
1116 4221 1188 4282 adds
1207 4221 1264 4283 Ed.
1286 4220 1337 4303 uz).

524 4332 561 4395 Ο.
583 4349 605 4392 s.
625 4331 664 4393 D.
686 4333 724 4393 do
745 4334 830 4394 nobis
850 4335 891 4395 ita
910 4335 1085 4398 Dominicae

504 4429 581 4490 *Fac
602 4447 629 4490 0.
651 4431 690 4491 D.
710 4440 743 4490 ut
763 4451 838 4511 quae
858 4434 995 4494 veraciter

455 4567 464 4596 ¹
482 4570 512 4620 R.
525 4570 600 4619 omits
611 4569 654 4619 the
666 4569 748 4620 words
759 4569 784 4620 in
795 4571 911 4623 brsclrets
922 4573 971 4623 end
983 4573 1045 4625 adds
1056 4575 1102 4625 Ei.
1114 4590 1140 4627 v.

455 4635 465 4664 ¹
482 4635 549 4685 Diae
560 4636 626 4685 Dm
638 4636 674 4685 ad
682 4634 734 4685 ἦ
744 4637 808 4686 loha
819 4637 915 4703 adpai.
925 4640 962 4688 ad
969 4640 1105 4690 lateranis
1116 4641 1163 4692 Et.
1176 4642 1205 4691 vi
1216 4641 1246 4694 R.

455 4700 465 4729 ⁸
483 4701 514 4752 R.
526 4700 588 4751 adds
599 4707 625 4751 ut
637 4701 680 4751 the
693 4701 742 4752 end
754 4701 783 4752 ol
791 4701 840 4755 this
851 4704 933 4756 Missa
944 4721 960 4756 s
970 4707 1113 4758 Benedictio
1125 4708 1235 4758 Palmae.
