3352 5828
297 406 338 473 70
578 398 705 455 LIBER
726 397 1112 455 SACRAMENTORUM
1309 394 1389 461 [ιιι

296 571 330 628 et
354 572 414 629 tua
439 563 563 647 pietate
586 563 758 640 concedas,
783 572 820 628 ut
845 583 904 648 per
926 561 1031 629 multa
1052 561 1211 628 curricula
1231 581 1390 627 annorum

296 667 379 733 salvi
410 675 444 732 et
472 666 654 733 incolumes
685 687 820 733 munera
850 687 911 731 sua
938 668 999 731 tibi
1030 666 1177 732 Domino
1203 673 1392 731 mereantur

296 771 416 838 offerre
425 770 461 852 ¹¹,
475 773 612 856 diesque
626 781 765 837 nostros.
781 797 801 854 γ

338 901 522 966 Benedictio
560 899 611 966 lei.
655 899 717 965 Ad
726 899 882 985 populum
904 900 940 964 in
961 899 1014 964 his
1035 900 1149 976 verbis
1165 898 1260 964 Istud
1281 898 1392 962 oleum

296 1004 339 1068 ad
367 1005 538 1090 ungendos
562 1003 720 1068 infirmos.
771 1003 819 1069 Ut
843 1013 951 1068 autem
977 1003 1102 1068 veneris
1126 1003 1233 1068 Nobis
1259 1021 1392 1085 quoque

296 1110 523 1191 peccatoribus
540 1108 671 1174 famulis
686 1108 750 1173 tuis
765 1131 773 1188 3
794 1106 965 1190 etreliqua
979 1128 1076 1191 usque
1089 1106 1136 1172 ad
1148 1107 1210 1171 Per
1222 1106 1391 1172 Christum

297 1211 482 1279 Dominum
496 1221 656 1278 nostrum.
699 1211 753 1277 Et
766 1209 919 1278 intras¹².

343 1343 482 1423 Emitte,
496 1363 704 1428 quaesumus,
725 1342 879 1419 Domine,
901 1340 1060 1424 Spiritum
1082 1352 1232 1405 sanctum
1244 1339 1272 1380 ¹³
1295 1340 1393 1404 Para·

186 1458 193 1473 ·
241 1458 248 1472 ·
299 1444 414 1511 clitum
436 1447 479 1512 de
501 1445 598 1511 caelis
623 1446 657 1510 in
683 1446 745 1511 hac
768 1445 970 1529 pinguedine
988 1443 1052 1509 olei
1061 1441 1088 1483 ¹⁴
1111 1465 1211 1529 quam
1233 1445 1275 1509 de
1296 1443 1392 1507 viridi

298 1549 390 1633 ligno
412 1551 593 1635 producere
607 1550 763 1633 dignatus
785 1569 821 1613 es
844 1548 887 1613 ad
903 1546 1113 1613 refectionem
1130 1548 1249 1612 mentis
1269 1555 1303 1611 et
1320 1566 1392 1611 cor-

297 1654 397 1736 poris.
421 1653 467 1718 Et
481 1663 540 1718 tua
555 1664 670 1719 sancta
680 1651 870 1717 benedictio
882 1652 924 1716 sit
936 1651 1026 1716 omni
1041 1651 1187 1736 ungenti,
1198 1652 1345 1736 gustanti
1358 1648 1394 1730 ¹⁶,

297 1758 456 1841 tangenti,
491 1764 716 1822 tutamentum
753 1755 907 1839 corporis,
939 1755 1071 1820 animae
1107 1763 1142 1819 et
1178 1755 1320 1839 spiritus,
1349 1754 1393 1818 ad

296 1861 506 1926 evacuandos
533 1879 649 1925 omnes
673 1858 813 1939 dolores,
839 1879 974 1924 ornnem
999 1856 1235 1934 infirmitatem,
1258 1878 1392 1923 ornnem

296 1963 534 2048 aegritudinem
558 1963 678 2029 mentis
700 1973 735 2029 et
760 1962 916 2048 corporis,
938 1964 1026 2028 unde
1048 1961 1175 2027 unxisti
1195 1961 1393 2037 sacerdotes,

294 2087 398 2152 reges,
413 2067 480 2132 et¹⁶
495 2065 685 2152 prophetas,
700 2075 735 2131 et
750 2075 920 2146 martyres,
934 2065 1076 2131 chrisma
1091 2076 1186 2132 tuum
1200 2067 1391 2150 perfectum,

294 2182 376 2249 ate,
393 2171 546 2247 Domine,
563 2171 786 2245 benedictum,
802 2191 998 2255 permanens
1018 2171 1052 2235 in
1068 2171 1245 2237 visceribus
1263 2172 1392 2250 nostris,

294 2272 485 2340 innomine
511 2274 647 2339 Domini
672 2274 777 2339 nostri
804 2274 879 2339 Iesu
908 2271 1040 2338 Christi.
1093 2275 1157 2339 Per
1184 2294 1285 2358 quern
1310 2274 1392 2339 haec

294 2379 416 2456 omnia,
432 2378 587 2454 Domine,
601 2398 732 2462 semper
746 2379 837 2443 bona
852 2397 950 2442 creas.
994 2377 1047 2441 Et
1059 2375 1227 2442 caeterafl.
1243 2404 1264 2460 γ

337 2506 476 2590 Explete
500 2506 588 2572 enim
612 2526 732 2571 canone
753 2506 837 2572 dicis
845 2504 872 2545 ¹⁸
897 2504 1047 2572 Oremus.
1093 2506 1281 2589 Praeceptis
1304 2505 1391 2572 salu-

295 2608 422 2674 taribus
451 2610 578 2676 moniti.
636 2609 795 2693 Sequitur
817 2611 923 2675 oratio
952 2608 1136 2675 Domim'ca.
1192 2609 1244 2674 Et
1272 2609 1393 2675 iterum

296 2713 498 2796 subsequitur
526 2715 595 2779 alia
618 2714 724 2779 oratio
753 2712 876 2778 Libera
903 2732 973 2791 nos,
999 2732 1207 2797 quaesumus,
1237 2712 1393 2778 Domine.

296 2816 376 2900 Ipsa
388 2815 510 2900 expleta
523 2816 715 2900 confrangis
726 2823 760 2880 et
773 2817 853 2898 tegis
871 2813 911 2880 de
926 2814 1058 2880 sindone
1079 2815 1199 2881 altaris
1214 2836 1349 2882 munera
1362 2826 1396 2881 et

296 2919 442 2985 ascendis
466 2921 514 2984 ad
534 2919 649 2986 sedem.
704 2920 817 3003 Ibique
839 2920 942 2985 oblato
963 2940 986 2983 a
1009 2918 1142 2984 diacono
1166 2918 1233 2984 alio
1260 2919 1325 2985 oleo
1349 2919 1397 2984 ad

297 3021 540 3087 benedicendum
561 3032 594 3086 et
611 3022 694 3088 dicis
716 3023 883 3088 Dominus
901 3022 1081 3088 vobiscum.
1135 3022 1232 3106 Resp.
1253 3022 1393 3088 Etcum

298 3126 413 3209 spiritu
428 3136 496 3190 tuo.
539 3125 669 3193 Dicir¹⁸
686 3125 840 3193 Oremus.
884 3125 1066 3190 Etintras.

343 3255 435 3319 Deus
461 3256 737 3320 incrementorum
764 3263 798 3320 et
822 3253 1030 3338 profectuum
1055 3253 1251 3339 spiritalium
1278 3275 1391 3320 mune-

298 3365 387 3422 rator
396 3357 433 3437 ¹⁰,
445 3358 502 3443 qui
516 3358 637 3423 virtute
646 3358 751 3423 sancti
765 3355 907 3442 Spiritus
916 3358 965 3422 tui
976 3358 1213 3423 imbecillarum
1230 3361 1391 3424 mentium

296 3461 484 3526 rudimenta
509 3461 693 3537 confirmas,
713 3472 748 3527 te
771 3483 915 3542 oramus,
938 3463 1090 3539 Domine,
1116 3473 1154 3529 ut
1179 3465 1326 3529 venturis
1348 3464 1391 3528 ad

296 3565 416 3630 beatae
446 3567 701 3651 regenerationis
735 3565 902 3632 lavacrum
925 3598 938 3623 ο
958 3565 1083 3632 tribuas
1115 3587 1175 3651 per
1204 3568 1389 3633 unctionem
1405 3578 1466 3636 556

296 3668 390 3733 istius
405 3679 573 3735 creaturae
587 3669 818 3754 purgationem
831 3671 952 3734 mentis
966 3680 1002 3734 et
1016 3671 1171 3755 corporis.
1201 3671 1250 3736 Ut
1266 3672 1294 3736 si
1306 3692 1392 3755 quae

296 3770 359 3837 illis
374 3774 617 3839 adversantium
629 3774 805 3856 spirituum
820 3773 990 3840 inhaesere
1004 3775 1157 3859 reliquiae
1166 3773 1192 3814 ²⁰
1207 3776 1250 3840 ad
1265 3786 1391 3842 tactum

296 3877 491 3942 sanctificati
525 3876 589 3941 olei
622 3876 720 3943 huius
755 3876 947 3943 abscedant.
1007 3878 1117 3946 Nullis
1126 3876 1152 3917 ²¹
1189 3880 1391 3964 spiritalibus

295 3982 450 4064 nequitiis
472 3979 572 4061 locus,
599 3981 688 4046 nulla
714 3982 836 4068 refugis
862 3983 1038 4048 virtutibus
1062 3983 1105 4048 sit
1131 3982 1278 4062 facultas,
1300 3983 1391 4050 nulla

295 4083 522 4149 insidiantibus
548 4084 643 4150 malis
667 4085 794 4151 latendi
823 4086 955 4152 licentia
981 4086 1189 4170 relinquatur,
1215 4087 1273 4152 sed
1299 4089 1389 4152 veni-

295 4186 427 4252 entibus
441 4187 484 4253 ad
499 4186 600 4252 fidem
620 4190 721 4254 servis
737 4189 812 4265 tuis,
827 4199 862 4255 et
881 4191 984 4257 sancti
1005 4187 1182 4275 Spiritus²²
1198 4182 1390 4275 operatione

297 4291 494 4356 mundandis
526 4293 571 4356 sit
601 4293 765 4358 unctionis
802 4293 899 4359 huius
936 4296 1143 4378 praeparatio
1155 4292 1183 4333 ²³
1220 4294 1310 4360 utilis
1346 4297 1388 4361 ad

295 4392 446 4472 salutem,
471 4415 572 4478 quam
598 4396 698 4461 etiam
726 4418 787 4482 per
811 4397 962 4463 caelestis
989 4399 1246 4482 regenerationis
1272 4399 1389 4463 nativi-

296 4507 400 4564 tatem
415 4500 448 4562 in
463 4509 670 4565 sacramento
685 4512 763 4567 sunt
774 4502 985 4587 baptismatis
999 4503 1161 4589 adepturi.
1193 4503 1255 4567 Per
1270 4503 1389 4567 Domi·

296 4623 374 4666 num
394 4613 541 4668 nostrum
564 4604 673 4668 Iesum
690 4605 869 4687 Christum,
884 4607 939 4692 qui
958 4615 1113 4673 venturus
1136 4615 1185 4673 est
1209 4605 1390 4673 iudicare²⁴

295 4705 460 4770 saeculum
477 4728 535 4791 per
551 4707 670 4790 ignem.
