3352 5828
312 410 375 482 152
590 403 720 460 LIBER
740 402 1129 462 SACRAMENTORUM
1293 402 1327 469 [1.
1338 405 1408 456 xcix.

310 590 427 654 pacem
437 568 472 646 ²⁰,
492 571 535 635 ad
559 569 854 655 evangelizandum
877 567 966 634 bona
984 578 1051 632 tua.
1099 567 1154 632 Da
1175 565 1232 642 eis,
1251 566 1407 643 Domine,

312 674 528 739 ministerium
558 674 832 741 reconciliationis
861 672 896 737 in
924 673 1035 748 verbo,
1062 680 1096 736 et
1126 671 1159 735 in
1188 670 1292 749 sactis,
1317 679 1351 734 et
1375 670 1408 734 in

310 776 469 843 uirtute²1
494 778 661 862 signorum
685 787 719 843 et
746 777 982 862 prodigiorum.
1031 773 1085 841 Sit
1109 795 1216 840 sermo
1236 795 1349 840 eorum
1375 782 1410 839 et

312 881 515 968 praedicatio
551 902 618 948 non
657 881 691 947 in
728 881 996 966 persuasibilibus
1032 878 1197 945 humanae
1229 877 1409 963 sapientiae

312 986 432 1065 verbis,
462 986 521 1051 sed
551 985 584 1049 in
615 985 804 1051 ostensione
836 983 979 1069 Spiritus
1008 992 1043 1048 et
1071 984 1210 1048 virtutis.
1270 982 1325 1045 Da
1353 980 1410 1055 eis,

315 1088 470 1163 Domine,
485 1087 594 1153 claves
608 1089 701 1172 regni
714 1087 880 1154 caelorum
894 1111 902 1152 ε
914 1095 1061 1153 utantur
1071 1083 1105 1166 ²¹,
1120 1106 1180 1153 nec
1189 1086 1215 1126 ²⁸
1230 1083 1411 1170 glorientur

315 1200 481 1276 potestate
489 1188 527 1270 ²⁴,
552 1212 654 1276 quam
671 1224 681 1247 ·
699 1192 817 1257 tribuis
842 1191 876 1256 in
901 1190 1175 1270 aedificationem,
1200 1210 1264 1255 non
1295 1189 1328 1253 in
1351 1188 1409 1253 de-
1425 1190 1485 1247 626

315 1297 539 1362 structionem.
600 1295 842 1381 Quodcumque
875 1295 1047 1381 ligaverint
1078 1315 1176 1379 super
1209 1303 1330 1360 terram
1368 1293 1412 1358 sit

315 1400 456 1484 ligatum
469 1397 495 1438 ²⁸
506 1410 540 1465 et
552 1401 585 1464 in
597 1399 705 1479 caelis,
720 1409 754 1465 et
765 1402 999 1484 quodcumque
1009 1399 1166 1464 solverint
1175 1419 1273 1483 super
1291 1407 1412 1463 terram

316 1505 360 1570 sit
376 1504 522 1570 solutum
534 1500 560 1542 ²⁶
579 1513 614 1569 et
633 1504 667 1568 in
687 1505 795 1571 caelis.
839 1503 992 1589 Quorum
1010 1501 1247 1569 detinuerint²⁸
1266 1512 1412 1586 peccata,

317 1610 456 1675 detenta
485 1609 569 1688 sint;
608 1618 641 1673 et
671 1628 811 1691 quorum
842 1608 1036 1686 dimiserint,
1066 1619 1103 1673 tu
1133 1607 1290 1672 dimittas.
1345 1604 1413 1690 Qui

317 1711 526 1778 benedixerit
550 1706 611 1799 [eis
620 1707 672 1800 Ἦ,
694 1711 736 1775 sit
754 1712 968 1791 benedictus3
992 1712 1105 1796 etqui
1129 1711 1336 1777 maledixerit
1358 1710 1415 1787 eis,

319 1813 605 1880 maledictionibus
615 1815 788 1898 repleatur.
819 1813 895 1881 Sint
904 1815 1020 1880 fideles
1029 1816 1114 1881 servi
1125 1813 1187 1900 [et]
1196 1812 1415 1899 prudentesae,

317 1939 402 2003 quos
423 1919 605 1985 constituas
625 1927 671 1997 tu,
688 1919 844 1999 Domine,
861 1940 960 2003 super
979 1909 1139 1984 familiam
1161 1928 1262 1995 tuam,
1277 1929 1315 1983 ut
1335 1917 1416 1982 dent

317 2022 382 2089 illis
407 2023 519 2089 cibum
545 2022 578 2087 in
603 2033 755 2107 tempore
780 2024 1002 2103 necessari03·
1017 2033 1056 2109 ut
1078 2022 1260 2090 exhibeant
1281 2041 1415 2087 omnem

317 2128 485 2193 hominem
520 2128 712 2212 perlectum.
764 2127 840 2194 Sint
876 2127 1135 2232 sollicitnpineu
1172 2127 1313 2211 impigri,
1350 2127 1416 2193 sint

316 2232 433 2316 spiritu
459 2231 629 2298 ferventes.
679 2231 803 2298 odiant
828 2232 1041 2325 superbiam-3
1070 2231 1210 2316 diligant
1232 2231 1416 2305 veritatem,

318 2357 378 2402 nec
418 2355 493 2401 eam
530 2356 677 2419 unquam
714 2336 869 2401 deserant
898 2345 957 2401 aut
985 2322 1181 2434 lassitudine
1209 2345 1267 2400 aut
1296 2335 1416 2400 timore

318 2440 472 2523 superati.
531 2440 610 2504 Non
649 2450 776 2523 ponant
814 2439 921 2505 lucem
960 2440 1124 2525 tenebras,
1162 2460 1223 2504 nec
1262 2439 1417 2503 tenebras

319 2543 428 2609 lucem
439 2543 488 2622 ⁸⁰3
511 2563 578 2607 non
601 2543 713 2608 dicant
740 2542 865 2608 malum
892 2544 1109 2629 bonumrnec
1135 2542 1259 2608 bonum
1282 2542 1418 2606 malum.

321 2645 398 2712 Sint
420 2646 623 2730 sapientibus
645 2647 694 2730 [et
717 2646 949 2731 insipientibus
961 2642 1003 2735 ⁸¹]
1024 2638 1202 2720 debitores,
1221 2654 1254 2710 et
1275 2645 1417 2709 fructum

321 2749 365 2813 de
387 2749 535 2834 profectu
558 2749 706 2814 omniurn
729 2761 982 2832 consequantur.
1027 2749 1171 2814 ''stibuas
1194 2750 1249 2826 eis,
1264 2748 1420 2826 Domine,

322 2852 515 2918 cathedram
542 2852 765 2936 episcopalem
792 2854 834 2918 ad
859 2854 1038 2936 regendam
1066 2853 1238 2919 ecclesiam
1262 2863 1354 2918 tuam
1384 2860 1420 2917 et

324 2956 457 3040 plebem
473 2957 669 3020 universam.
715 2956 769 3022 Sis
791 2957 839 3021 eis
857 2958 1047 3038 auctoritas,
1055 2953 1115 3044 [sis
1138 2959 1185 3021 eis
1200 2947 1356 3040 potestas,
1374 2958 1419 3021 sis

324 3061 372 3124 eis
401 3059 540 3124 firmitas
550 3054 612 3145 8“];
644 3059 842 3143 multiplices
871 3080 972 3143 super
1003 3081 1061 3125 eos
1089 3060 1354 3125 benedictionem
1387 3069 1420 3123 et

323 3161 466 3246 gratiam
482 3171 583 3239 tuam,
592 3169 629 3226 ut
643 3163 686 3227 ad
702 3162 907 3226 exorandam
917 3183 1046 3246 semper
1061 3163 1316 3226 misericordiam
1327 3172 1421 3226 tuam

238 3254 241 3261 ¹
325 3275 384 3330 tuo
401 3284 535 3329 munere
551 3264 671 3342 idonei,
689 3273 747 3330 tua
762 3267 870 3350 gratia
885 3268 1015 3351 possint
1032 3287 1104 3332 esse
1118 3266 1238 3331 devoti.
1283 3265 1352 3330 Per.
1368 3290 1389 3347 γ

802 3428 947 3485 fleomtn.

370 3538 519 3623 Suscipe,
535 3540 690 3619 Domine,
707 3562 842 3607 munera
857 3563 944 3625 quae
959 3543 1020 3608 tibi
1040 3542 1208 3608 offerimus
1223 3563 1283 3626 pro
1297 3543 1422 3608 famulo

326 3653 387 3709 tuo
409 3643 481 3722 Illo,
509 3655 543 3709 et
569 3645 732 3730 propitius
762 3646 795 3709 in
819 3648 938 3711 eodem
962 3657 1020 3712 tua
1048 3648 1137 3712 dona
1166 3647 1304 3713 custodi.
1361 3647 1424 3712 Per

328 3748 557 3830 Dominumy
753 3808 1005 3866 postcommun·

372 3919 520 3999 Plenum,
544 3940 753 4003 quaesumus,
781 3921 937 3996 Domine,
960 3922 993 3985 in
1017 3923 1111 3987 nobis
1141 3923 1321 3990 remedium
1347 3935 1425 3990 tuae

327 4022 548 4089 miserationis
563 4045 710 4109 operare,
724 4035 758 4090 et
774 4025 858 4092 tales
873 4047 936 4091 nos
950 4047 1023 4091 esse
1038 4027 1167 4111 perfice,
1180 4022 1247 4116 [ut]
1265 4029 1425 4113 propitius

327 4128 436 4194 fovere
451 4128 596 4211 digneris
605 4128 643 4192 ⁸³.
690 4129 759 4194 Per.
776 4156 797 4212 γ

361 4272 371 4302 ¹
386 4272 450 4324 This
467 4273 559 4324 sectlon
577 4274 623 4324 hus
641 4275 703 4326 been
717 4277 853 4342 compared
867 4275 928 4326 with
945 4275 988 4326 the
1005 4276 1109 4342 parallel
1126 4277 1241 4327 forms-in
1258 4278 1300 4328 the
1316 4278 1427 4329 leonine

329 4339 523 4404 Sacramentary,
539 4340 588 4389 snd
604 4342 630 4390 in
647 4341 688 4391 the
705 4340 809 4391 Missele
827 4342 993 4394 Francorum:
1019 4343 1067 4393 and
1086 4342 1141 4392 also
1158 4341 1217 4393 with
1237 4344 1279 4393 the
1296 4343 1427 4409 following

324 4404 439 4454 ‘Ordines
450 4405 476 4453 in
488 4403 600 4455 Mutine
612 4405 662 4454 aud
678 4405 797 4465 Gerbert;
816 4408 854 4471 (a)
867 4405 1002 4457 Martene’s
1016 4408 1080 4458 Ordo
1091 4409 1109 4457 ii
1127 4407 1268 4467 (Pontlhoal
1281 4407 1311 4457 ol
1324 4409 1425 4473 Egbert,

331 4469 397 4518 cited
408 4486 436 4519 as
448 4469 538 4534 Egb.);
555 4470 591 4534 (b)
604 4469 740 4520 Martene's
753 4472 819 4521 Ordo
830 4472 857 4522 ili
869 4472 970 4538 (Miseni
982 4474 1011 4522 oi
1022 4473 1116 4524 Robert
1132 4474 1161 4524 ol
1173 4471 1254 4537 Jumle
1287 4489 1306 4530 s,
1319 4474 1384 4524 cited
1397 4490 1426 4524 es

332 4533 432 4598 Gem.);
452 4536 485 4599 (c)
500 4533 633 4586 Martene’s
646 4536 712 4585 Ordo
721 4537 755 4595 iv,
770 4537 846 4587 taken
861 4537 925 4588 from
941 4538 1028 4589 Codex
1044 4538 1201 4589 Gellonensis
1215 4554 1246 4588 an
1279 4545 1330 4588 two
1344 4539 1426 4589 others

333 4599 410 4662 (cited
427 4615 456 4649 es
469 4598 565 4663 Gell.);
583 4601 627 4664 (d)
640 4601 765 4652 Gerbert's
781 4603 847 4652 Ordo
862 4603 926 4653 t'rom
943 4621 959 4653 e
976 4603 1072 4654 Vienna
1089 4605 1143 4654 MS.
1161 4620 1223 4655 saec„
1235 4605 1261 4653 ix
1273 4607 1292 4666 (¹
1301 4604 1363 4654 olim
1374 4606 1426 4654 Au·

331 4666 424 4731 giensis
441 4664 609 4725 monasterli')
626 4667 653 4717 in
669 4668 741 4717 Mon.
759 4668 809 4718 Vel.
822 4669 877 4719 Lis.
888 4670 1005 4719 Alcman.
1016 4671 1042 4719 ii.
1054 4685 1085 4732 4²
1106 4670 1179 4736 (cited
1196 4687 1223 4719 es
1243 4670 1339 4729 Geth).
1372 4669 1427 4721 The

333 4731 447 4797 readings
459 4732 488 4782 ol
495 4730 563 4782 these
574 4731 630 4782 four
647 4733 754 4783 Ordines
769 4749 812 4784 ere
826 4742 870 4785 not
884 4735 957 4800 given
971 4735 997 4784 in
1013 4734 1048 4785 all
1061 4751 1136 4786 cases.
1169 4735 1243 4786 Some
1260 4735 1289 4786 ol
1302 4735 1370 4786 them
1387 4752 1428 4787 are
