<?xml version="1.0" encoding="UTF-8"?>
<!DOCTYPE html PUBLIC "-//W3C//DTD XHTML 1.0 Transitional//EN"
    "http://www.w3.org/TR/xhtml1/DTD/xhtml1-transitional.dtd">
<html xmlns="http://www.w3.org/1999/xhtml" xml:lang="en" lang="en">
 <head>
  <title>
</title>
<meta http-equiv="Content-Type" content="text/html;charset=utf-8" />
  <meta name='ocr-system' content='tesseract 3.04.00' />
  <meta name='ocr-capabilities' content='ocr_page ocr_carea ocr_par ocr_line ocrx_word'/>
</head>
<body>
  <div class='ocr_page' id='page_1' title='image "./gelasiansacrame00wilsgoog_0120.png"; bbox 0 0 3352 5828; ppageno 0'>
   <div class='ocr_carea' id='block_1_1' title="bbox 299 793 1395 870">
    <p class='ocr_par' dir='ltr' id='par_1_1' title="bbox 299 793 1395 870">
     <span class='ocr_line' id='line_1_1' title="bbox 299 793 1395 870; baseline 0.004 -21"><span class='ocrx_word' id='word_1_1' title='bbox 299 797 320 850; x_wconf 94' lang='lat'>1.</span> <span class='ocrx_word' id='word_1_2' title='bbox 332 795 410 864; x_wconf 77' lang='lat' dir='ltr'>xxii]</span> <span class='ocrx_word' id='word_1_3' title='bbox 606 793 819 851; x_wconf 79' lang='lat' dir='ltr'><em>ROMANAE</em></span> <span class='ocrx_word' id='word_1_4' title='bbox 839 793 1084 852; x_wconf 79' lang='lat' dir='ltr'><em>ECCLESIAE.</em></span> <span class='ocrx_word' id='word_1_5' title='bbox 1355 800 1395 870; x_wconf 84' lang='lat'>27</span> 
     </span>
    </p>
   </div>
   <div class='ocr_carea' id='block_1_2' title="bbox 233 955 1403 3839">
    <p class='ocr_par' dir='ltr' id='par_1_2' title="bbox 300 955 1396 1251">
     <span class='ocr_line' id='line_1_2' title="bbox 300 955 1395 1043; baseline 0.003 -21"><span class='ocrx_word' id='word_1_6' title='bbox 300 977 441 1043; x_wconf 89' lang='lat' dir='ltr'>pensas:</span> <span class='ocrx_word' id='word_1_7' title='bbox 463 955 554 1023; x_wconf 87' lang='lat' dir='ltr'>cuius</span> <span class='ocrx_word' id='word_1_8' title='bbox 569 977 696 1042; x_wconf 91' lang='lat' dir='ltr'>corpus,</span> <span class='ocrx_word' id='word_1_9' title='bbox 707 957 879 1024; x_wconf 88' lang='lat' dir='ltr'>ecclesiam</span> <span class='ocrx_word' id='word_1_10' title='bbox 895 967 999 1035; x_wconf 89' lang='lat' dir='ltr'>tuam,</span> <span class='ocrx_word' id='word_1_11' title='bbox 1008 957 1200 1024; x_wconf 89' lang='lat' dir='ltr'>caelestium</span> <span class='ocrx_word' id='word_1_12' title='bbox 1214 958 1395 1042; x_wconf 84' lang='lat' dir='ltr'>gratiarum</span> 
     </span>
     <span class='ocr_line' id='line_1_3' title="bbox 301 1059 1395 1147; baseline 0.002 -21"><span class='ocrx_word' id='word_1_13' title='bbox 301 1062 459 1127; x_wconf 87' lang='lat' dir='ltr'>varietate</span> <span class='ocrx_word' id='word_1_14' title='bbox 471 1061 658 1127; x_wconf 87' lang='lat' dir='ltr'>distinctam</span> <span class='ocrx_word' id='word_1_15' title='bbox 668 1060 705 1136; x_wconf 74' lang='lat'>²⁸,</span> <span class='ocrx_word' id='word_1_16' title='bbox 716 1081 916 1147; x_wconf 89' lang='lat' dir='ltr'>suorumque</span> <span class='ocrx_word' id='word_1_17' title='bbox 926 1059 1395 1128; x_wconf 76' lang='lat' dir='ltr'>connexam¹⁸discretione¹¹</span> 
     </span>
     <span class='ocr_line' id='line_1_4' title="bbox 304 1163 1396 1251; baseline 0.002 -23"><span class='ocrx_word' id='word_1_18' title='bbox 304 1165 535 1244; x_wconf 87' lang='lat' dir='ltr'>membromm,</span> <span class='ocrx_word' id='word_1_19' title='bbox 563 1185 621 1248; x_wconf 90' lang='lat' dir='ltr'>per</span> <span class='ocrx_word' id='word_1_20' title='bbox 649 1163 757 1248; x_wconf 88' lang='lat' dir='ltr'>legem</span> <span class='ocrx_word' id='word_1_21' title='bbox 794 1165 898 1230; x_wconf 87' lang='lat' dir='ltr'>totius</span> <span class='ocrx_word' id='word_1_22' title='bbox 935 1163 1158 1231; x_wconf 76' lang='lat' dir='ltr'>mirabilem²⁶</span> <span class='ocrx_word' id='word_1_23' title='bbox 1190 1163 1396 1251; x_wconf 77' lang='lat' dir='ltr'>compagis⁸⁸</span> 
     </span>
    </p>

    <p class='ocr_par' dir='ltr' id='par_1_3' title="bbox 233 1266 1403 3839">
     <span class='ocr_line' id='line_1_5' title="bbox 233 1266 1398 1353; baseline -0.008 -10"><span class='ocrx_word' id='word_1_24' title='bbox 233 1281 293 1344; x_wconf 77' lang='lat'>516</span> <span class='ocrx_word' id='word_1_25' title='bbox 305 1269 456 1346; x_wconf 81' lang='lat' dir='ltr'>uni-tam,</span> <span class='ocrx_word' id='word_1_26' title='bbox 486 1269 759 1353; x_wconf 89' lang='lat' dir='ltr'>inaugmentum</span> <span class='ocrx_word' id='word_1_27' title='bbox 793 1266 911 1352; x_wconf 91' lang='lat' dir='ltr'>templi</span> <span class='ocrx_word' id='word_1_28' title='bbox 941 1269 990 1333; x_wconf 90' lang='lat' dir='ltr'>tui</span> <span class='ocrx_word' id='word_1_29' title='bbox 1019 1287 1176 1346; x_wconf 88' lang='lat' dir='ltr'>crescere,</span> <span class='ocrx_word' id='word_1_30' title='bbox 1201 1268 1398 1353; x_wconf 83' lang='lat' dir='ltr'>dilatarique</span> 
     </span>
     <span class='ocr_line' id='line_1_6' title="bbox 304 1369 1398 1457; baseline 0.001 -20"><span class='ocrx_word' id='word_1_31' title='bbox 304 1371 439 1457; x_wconf 91' lang='lat' dir='ltr'>largiris,</span> <span class='ocrx_word' id='word_1_32' title='bbox 459 1372 541 1437; x_wconf 90' lang='lat' dir='ltr'>sacri</span> <span class='ocrx_word' id='word_1_33' title='bbox 567 1372 711 1437; x_wconf 88' lang='lat' dir='ltr'>muneris</span> <span class='ocrx_word' id='word_1_34' title='bbox 735 1373 926 1437; x_wconf 86' lang='lat' dir='ltr'>servitutem</span> <span class='ocrx_word' id='word_1_35' title='bbox 939 1369 966 1411; x_wconf 57' lang='grc' dir='ltr'>’ἵ</span> <span class='ocrx_word' id='word_1_36' title='bbox 989 1372 1084 1437; x_wconf 90' lang='lat' dir='ltr'>trinis</span> <span class='ocrx_word' id='word_1_37' title='bbox 1105 1373 1263 1456; x_wconf 83' lang='lat' dir='ltr'>gradibus</span> <span class='ocrx_word' id='word_1_38' title='bbox 1285 1373 1398 1438; x_wconf 87' lang='lat' dir='ltr'>minis·</span> 
     </span>
     <span class='ocr_line' id='line_1_7' title="bbox 302 1473 1398 1542; baseline 0 0"><span class='ocrx_word' id='word_1_39' title='bbox 302 1486 429 1542; x_wconf 89' lang='lat' dir='ltr'>tromrn</span> <span class='ocrx_word' id='word_1_40' title='bbox 453 1476 578 1540; x_wconf 89' lang='lat' dir='ltr'>nomini</span> <span class='ocrx_word' id='word_1_41' title='bbox 607 1485 665 1541; x_wconf 92' lang='lat' dir='ltr'>tuo</span> <span class='ocrx_word' id='word_1_42' title='bbox 692 1473 868 1541; x_wconf 77' lang='lat' dir='ltr'>militare²⁸</span> <span class='ocrx_word' id='word_1_43' title='bbox 893 1475 1148 1542; x_wconf 76' lang='lat' dir='ltr'>constituens²⁹:</span> <span class='ocrx_word' id='word_1_44' title='bbox 1176 1475 1328 1542; x_wconf 78' lang='lat' dir='ltr'>electis⁸⁰</span> <span class='ocrx_word' id='word_1_45' title='bbox 1353 1474 1398 1542; x_wconf 95' lang='lat' dir='ltr'>ab</span> 
     </span>
     <span class='ocr_line' id='line_1_8' title="bbox 303 1577 1396 1664; baseline -0.002 -18"><span class='ocrx_word' id='word_1_46' title='bbox 303 1579 399 1646; x_wconf 85' lang='lat' dir='ltr'>initio</span> <span class='ocrx_word' id='word_1_47' title='bbox 421 1578 504 1645; x_wconf 88' lang='lat' dir='ltr'>Levi</span> <span class='ocrx_word' id='word_1_48' title='bbox 527 1578 609 1659; x_wconf 90' lang='lat' dir='ltr'>filiis,</span> <span class='ocrx_word' id='word_1_49' title='bbox 624 1579 681 1664; x_wconf 93' lang='lat' dir='ltr'>qui</span> <span class='ocrx_word' id='word_1_50' title='bbox 691 1577 718 1620; x_wconf 80' lang='lat'>³¹</span> <span class='ocrx_word' id='word_1_51' title='bbox 741 1579 891 1663; x_wconf 87' lang='lat' dir='ltr'>mysticis</span> <span class='ocrx_word' id='word_1_52' title='bbox 911 1579 1160 1664; x_wconf 87' lang='lat' dir='ltr'>operationibus</span> <span class='ocrx_word' id='word_1_53' title='bbox 1179 1581 1300 1646; x_wconf 89' lang='lat' dir='ltr'>domus</span> <span class='ocrx_word' id='word_1_54' title='bbox 1317 1587 1396 1645; x_wconf 92' lang='lat' dir='ltr'>tuae</span> 
     </span>
     <span class='ocr_line' id='line_1_9' title="bbox 303 1682 1398 1768; baseline 0 -18"><span class='ocrx_word' id='word_1_55' title='bbox 303 1682 456 1750; x_wconf 87' lang='lat' dir='ltr'>fidelibus</span> <span class='ocrx_word' id='word_1_56' title='bbox 470 1683 619 1749; x_wconf 86' lang='lat' dir='ltr'>excubiis</span> <span class='ocrx_word' id='word_1_57' title='bbox 641 1695 880 1768; x_wconf 86' lang='lat' dir='ltr'>permanentes,</span> <span class='ocrx_word' id='word_1_58' title='bbox 894 1683 1134 1750; x_wconf 87' lang='lat' dir='ltr'>haereditatem</span> <span class='ocrx_word' id='word_1_59' title='bbox 1156 1684 1398 1750; x_wconf 84' lang='lat' dir='ltr'>benedictionis</span> 
     </span>
     <span class='ocr_line' id='line_1_10' title="bbox 303 1787 1398 1874; baseline 0 -21"><span class='ocrx_word' id='word_1_60' title='bbox 303 1798 456 1854; x_wconf 86' lang='lat' dir='ltr'>aeternae</span> <span class='ocrx_word' id='word_1_61' title='bbox 480 1797 569 1854; x_wconf 86' lang='lat' dir='ltr'>sorte</span> <span class='ocrx_word' id='word_1_62' title='bbox 591 1798 751 1872; x_wconf 89' lang='lat' dir='ltr'>perpetua</span> <span class='ocrx_word' id='word_1_63' title='bbox 776 1789 992 1873; x_wconf 84' lang='lat' dir='ltr'>possiderent</span> <span class='ocrx_word' id='word_1_64' title='bbox 1048 1787 1158 1874; x_wconf 88' lang='lat' dir='ltr'>Super</span> <span class='ocrx_word' id='word_1_65' title='bbox 1182 1789 1244 1854; x_wconf 92' lang='lat' dir='ltr'>hos</span> <span class='ocrx_word' id='word_1_66' title='bbox 1264 1808 1398 1873; x_wconf 88' lang='lat' dir='ltr'>quoque</span> 
     </span>
     <span class='ocr_line' id='line_1_11' title="bbox 302 1889 1397 1977; baseline 0 -22"><span class='ocrx_word' id='word_1_67' title='bbox 302 1889 443 1958; x_wconf 76' lang='lat' dir='ltr'>famulos</span> <span class='ocrx_word' id='word_1_68' title='bbox 465 1901 549 1970; x_wconf 86' lang='lat' dir='ltr'>tuos,</span> <span class='ocrx_word' id='word_1_69' title='bbox 566 1911 775 1975; x_wconf 88' lang='lat' dir='ltr'>quaesumus,</span> <span class='ocrx_word' id='word_1_70' title='bbox 799 1892 956 1972; x_wconf 89' lang='lat' dir='ltr'>Domine,</span> <span class='ocrx_word' id='word_1_71' title='bbox 970 1891 1122 1977; x_wconf 86' lang='lat' dir='ltr'>placatus</span> <span class='ocrx_word' id='word_1_72' title='bbox 1144 1892 1289 1971; x_wconf 88' lang='lat' dir='ltr'>intende,</span> <span class='ocrx_word' id='word_1_73' title='bbox 1311 1911 1397 1976; x_wconf 90' lang='lat' dir='ltr'>quos</span> 
     </span>
     <span class='ocr_line' id='line_1_12' title="bbox 302 1992 1399 2080; baseline -0.001 -19"><span class='ocrx_word' id='word_1_74' title='bbox 302 1995 369 2061; x_wconf 88' lang='lat' dir='ltr'>tuis</span> <span class='ocrx_word' id='word_1_75' title='bbox 378 1996 477 2061; x_wconf 89' lang='lat' dir='ltr'>sacris</span> <span class='ocrx_word' id='word_1_76' title='bbox 488 1992 701 2062; x_wconf 71' lang='lat' dir='ltr'>l&#39;servituros</span> <span class='ocrx_word' id='word_1_77' title='bbox 714 1995 746 2060; x_wconf 98' lang='lat' dir='ltr'>in</span> <span class='ocrx_word' id='word_1_78' title='bbox 756 1994 902 2061; x_wconf 85' lang='lat' dir='ltr'>officium</span> <span class='ocrx_word' id='word_1_79' title='bbox 911 1997 1052 2062; x_wconf 90' lang='lat' dir='ltr'>diaconii</span> <span class='ocrx_word' id='word_1_80' title='bbox 1061 1995 1089 2036; x_wconf 82' lang='lat'>⁸⁸</span> <span class='ocrx_word' id='word_1_81' title='bbox 1101 1996 1293 2080; x_wconf 86' lang='lat' dir='ltr'>suppliciter</span> <span class='ocrx_word' id='word_1_82' title='bbox 1302 1995 1399 2061; x_wconf 71' lang='lat' dir='ltr'>dedi·¹</span> 
     </span>
     <span class='ocr_line' id='line_1_13' title="bbox 303 2099 1398 2184; baseline 0.001 -19"><span class='ocrx_word' id='word_1_83' title='bbox 303 2119 425 2165; x_wconf 89' lang='lat' dir='ltr'>camus.</span> <span class='ocrx_word' id='word_1_84' title='bbox 469 2099 516 2165; x_wconf 90' lang='lat' dir='ltr'>Et</span> <span class='ocrx_word' id='word_1_85' title='bbox 530 2119 591 2164; x_wconf 93' lang='lat' dir='ltr'>nos</span> <span class='ocrx_word' id='word_1_86' title='bbox 608 2099 744 2183; x_wconf 89' lang='lat' dir='ltr'>quidem</span> <span class='ocrx_word' id='word_1_87' title='bbox 768 2108 927 2184; x_wconf 86' lang='lat' dir='ltr'>tanquam</span> <span class='ocrx_word' id='word_1_88' title='bbox 950 2099 1103 2166; x_wconf 86' lang='lat' dir='ltr'>homines</span> <span class='ocrx_word' id='word_1_89' title='bbox 1116 2100 1219 2164; x_wconf 93' lang='lat' dir='ltr'>divini</span> <span class='ocrx_word' id='word_1_90' title='bbox 1234 2119 1349 2165; x_wconf 89' lang='lat' dir='ltr'>sensus</span> <span class='ocrx_word' id='word_1_91' title='bbox 1364 2110 1398 2166; x_wconf 90' lang='lat' dir='ltr'>et</span> 
     </span>
     <span class='ocr_line' id='line_1_14' title="bbox 304 2201 1399 2288; baseline 0 -22"><span class='ocrx_word' id='word_1_92' title='bbox 304 2222 452 2269; x_wconf 88' lang='lat' dir='ltr'>summae</span> <span class='ocrx_word' id='word_1_93' title='bbox 468 2203 602 2269; x_wconf 89' lang='lat' dir='ltr'>rationis</span> <span class='ocrx_word' id='word_1_94' title='bbox 622 2201 765 2287; x_wconf 79' lang='lat' dir='ltr'>ignari⁸⁴</span> <span class='ocrx_word' id='word_1_95' title='bbox 786 2203 905 2268; x_wconf 90' lang='lat' dir='ltr'>horum</span> <span class='ocrx_word' id='word_1_96' title='bbox 926 2204 1030 2268; x_wconf 89' lang='lat' dir='ltr'>vitam</span> <span class='ocrx_word' id='word_1_97' title='bbox 1046 2214 1206 2288; x_wconf 88' lang='lat' dir='ltr'>quantum</span> <span class='ocrx_word' id='word_1_98' title='bbox 1222 2223 1399 2288; x_wconf 89' lang='lat' dir='ltr'>possumus</span> 
     </span>
     <span class='ocr_line' id='line_1_15' title="bbox 304 2307 1400 2392; baseline -0.002 -19"><span class='ocrx_word' id='word_1_99' title='bbox 304 2309 526 2373; x_wconf 88' lang='lat' dir='ltr'>aestimamus.</span> <span class='ocrx_word' id='word_1_100' title='bbox 581 2307 633 2371; x_wconf 89' lang='lat' dir='ltr'>Te</span> <span class='ocrx_word' id='word_1_101' title='bbox 662 2318 774 2372; x_wconf 88' lang='lat' dir='ltr'>autern</span> <span class='ocrx_word' id='word_1_102' title='bbox 805 2308 952 2374; x_wconf 90' lang='lat' dir='ltr'>Domine</span> <span class='ocrx_word' id='word_1_103' title='bbox 961 2307 996 2385; x_wconf 78' lang='lat'>³³,</span> <span class='ocrx_word' id='word_1_104' title='bbox 1029 2328 1116 2392; x_wconf 88' lang='lat' dir='ltr'>quae</span> <span class='ocrx_word' id='word_1_105' title='bbox 1143 2329 1164 2374; x_wconf 96' lang='lat' dir='ltr'>a</span> <span class='ocrx_word' id='word_1_106' title='bbox 1193 2308 1289 2374; x_wconf 90' lang='lat' dir='ltr'>nobis</span> <span class='ocrx_word' id='word_1_107' title='bbox 1321 2316 1400 2372; x_wconf 88' lang='lat' dir='ltr'>sunt</span> 
     </span>
     <span class='ocr_line' id='line_1_16' title="bbox 305 2410 1400 2497; baseline 0.002 -23"><span class='ocrx_word' id='word_1_108' title='bbox 305 2411 418 2497; x_wconf 88' lang='lat' dir='ltr'>ignota</span> <span class='ocrx_word' id='word_1_109' title='bbox 433 2431 501 2477; x_wconf 91' lang='lat' dir='ltr'>non</span> <span class='ocrx_word' id='word_1_110' title='bbox 515 2421 698 2490; x_wconf 88' lang='lat' dir='ltr'>transeunt,</span> <span class='ocrx_word' id='word_1_111' title='bbox 709 2420 744 2476; x_wconf 93' lang='lat' dir='ltr'>te</span> <span class='ocrx_word' id='word_1_112' title='bbox 758 2413 888 2477; x_wconf 89' lang='lat' dir='ltr'>occulta</span> <span class='ocrx_word' id='word_1_113' title='bbox 898 2411 926 2452; x_wconf 79' lang='lat'>³⁸</span> <span class='ocrx_word' id='word_1_114' title='bbox 941 2431 1008 2477; x_wconf 87' lang='lat' dir='ltr'>non</span> <span class='ocrx_word' id='word_1_115' title='bbox 1023 2410 1150 2477; x_wconf 81' lang='lat' dir='ltr'>fallunt.</span> <span class='ocrx_word' id='word_1_116' title='bbox 1180 2412 1234 2477; x_wconf 90' lang='lat' dir='ltr'>Tu</span> <span class='ocrx_word' id='word_1_117' title='bbox 1249 2413 1400 2496; x_wconf 83' lang='lat' dir='ltr'>cognitor</span> 
     </span>
     <span class='ocr_line' id='line_1_17' title="bbox 305 2513 1399 2601; baseline 0 -23"><span class='ocrx_word' id='word_1_118' title='bbox 305 2525 517 2601; x_wconf 89' lang='lat' dir='ltr'>peccatorum</span> <span class='ocrx_word' id='word_1_119' title='bbox 530 2513 567 2593; x_wconf 71' lang='lat'>⁸⁷,</span> <span class='ocrx_word' id='word_1_120' title='bbox 585 2523 621 2579; x_wconf 92' lang='lat' dir='ltr'>tu</span> <span class='ocrx_word' id='word_1_121' title='bbox 640 2525 805 2581; x_wconf 86' lang='lat' dir='ltr'>scrutator</span> <span class='ocrx_word' id='word_1_122' title='bbox 824 2538 860 2583; x_wconf 89' lang='lat' dir='ltr'>es</span> <span class='ocrx_word' id='word_1_123' title='bbox 882 2517 1065 2581; x_wconf 88' lang='lat' dir='ltr'>animarum</span> <span class='ocrx_word' id='word_1_124' title='bbox 1076 2514 1123 2582; x_wconf 78' lang='lat'>³⁸:</span> <span class='ocrx_word' id='word_1_125' title='bbox 1142 2514 1219 2581; x_wconf 78' lang='lat' dir='ltr'>tu⁸³</span> <span class='ocrx_word' id='word_1_126' title='bbox 1239 2516 1399 2581; x_wconf 90' lang='lat' dir='ltr'>veraciter</span> 
     </span>
     <span class='ocr_line' id='line_1_18' title="bbox 307 2616 1399 2702; baseline 0 -20"><span class='ocrx_word' id='word_1_127' title='bbox 307 2619 341 2683; x_wconf 95' lang='lat' dir='ltr'>in</span> <span class='ocrx_word' id='word_1_128' title='bbox 356 2616 439 2684; x_wconf 79' lang='lat' dir='ltr'>eis⁴⁰</span> <span class='ocrx_word' id='word_1_129' title='bbox 454 2619 595 2684; x_wconf 80' lang='lat' dir='ltr'>caeleste</span> <span class='ocrx_word' id='word_1_130' title='bbox 605 2627 705 2702; x_wconf 88' lang='lat' dir='ltr'>potes</span> <span class='ocrx_word' id='word_1_131' title='bbox 724 2619 881 2685; x_wconf 85' lang='lat' dir='ltr'>adhibere</span> <span class='ocrx_word' id='word_1_132' title='bbox 895 2621 1050 2685; x_wconf 89' lang='lat' dir='ltr'>iudicium</span> <span class='ocrx_word' id='word_1_133' title='bbox 1065 2630 1099 2686; x_wconf 88' lang='lat' dir='ltr'>et</span> <span class='ocrx_word' id='word_1_134' title='bbox 1114 2616 1240 2685; x_wconf 84' lang='lat' dir='ltr'>velut⁴¹</span> <span class='ocrx_word' id='word_1_135' title='bbox 1255 2619 1399 2702; x_wconf 85' lang='lat' dir='ltr'>indignis</span> 
     </span>
     <span class='ocr_line' id='line_1_19' title="bbox 308 2720 1400 2807; baseline 0 -21"><span class='ocrx_word' id='word_1_136' title='bbox 308 2722 432 2787; x_wconf 90' lang='lat' dir='ltr'>donare</span> <span class='ocrx_word' id='word_1_137' title='bbox 455 2742 542 2807; x_wconf 89' lang='lat' dir='ltr'>quae</span> <span class='ocrx_word' id='word_1_138' title='bbox 560 2724 737 2807; x_wconf 88' lang='lat' dir='ltr'>poscimus.</span> <span class='ocrx_word' id='word_1_139' title='bbox 764 2720 948 2793; x_wconf 60' lang='lat' dir='ltr'>„Emitte”</span> <span class='ocrx_word' id='word_1_140' title='bbox 963 2724 996 2788; x_wconf 91' lang='lat' dir='ltr'>in</span> <span class='ocrx_word' id='word_1_141' title='bbox 1017 2743 1085 2799; x_wconf 89' lang='lat' dir='ltr'>eos,</span> <span class='ocrx_word' id='word_1_142' title='bbox 1100 2743 1310 2807; x_wconf 86' lang='lat' dir='ltr'>quaesumus,</span> <span class='ocrx_word' id='word_1_143' title='bbox 1329 2722 1400 2786; x_wconf 91' lang='lat' dir='ltr'>Do·</span> 
     </span>
     <span class='ocr_line' id='line_1_20' title="bbox 310 2822 1401 2913; baseline 0.001 -25"><span class='ocrx_word' id='word_1_144' title='bbox 310 2826 398 2890; x_wconf 89' lang='lat' dir='ltr'>mine</span> <span class='ocrx_word' id='word_1_145' title='bbox 405 2822 442 2905; x_wconf 82' lang='lat'>¹³,</span> <span class='ocrx_word' id='word_1_146' title='bbox 458 2824 616 2909; x_wconf 88' lang='lat' dir='ltr'>Spiritum</span> <span class='ocrx_word' id='word_1_147' title='bbox 631 2838 790 2904; x_wconf 89' lang='lat' dir='ltr'>sanctum,</span> <span class='ocrx_word' id='word_1_148' title='bbox 805 2847 872 2911; x_wconf 92' lang='lat' dir='ltr'>quo</span> <span class='ocrx_word' id='word_1_149' title='bbox 883 2823 912 2864; x_wconf 78' lang='lat'>⁴⁴</span> <span class='ocrx_word' id='word_1_150' title='bbox 928 2827 1059 2913; x_wconf 88' lang='lat' dir='ltr'>inopus</span> <span class='ocrx_word' id='word_1_151' title='bbox 1075 2827 1244 2892; x_wconf 88' lang='lat' dir='ltr'>ministerii</span> <span class='ocrx_word' id='word_1_152' title='bbox 1260 2825 1401 2892; x_wconf 85' lang='lat' dir='ltr'>fideliter</span> 
     </span>
     <span class='ocr_line' id='line_1_21' title="bbox 310 2928 1400 3015; baseline 0 -23"><span class='ocrx_word' id='word_1_153' title='bbox 310 2930 496 3011; x_wconf 86' lang='lat' dir='ltr'>exequendi</span> <span class='ocrx_word' id='word_1_154' title='bbox 519 2950 654 2995; x_wconf 89' lang='lat' dir='ltr'>munere</span> <span class='ocrx_word' id='word_1_155' title='bbox 679 2928 881 3015; x_wconf 83' lang='lat' dir='ltr'>septiformis</span> <span class='ocrx_word' id='word_1_156' title='bbox 906 2942 984 2995; x_wconf 89' lang='lat' dir='ltr'>tuae</span> <span class='ocrx_word' id='word_1_157' title='bbox 1008 2928 1171 3014; x_wconf 76' lang='lat' dir='ltr'>gratiae⁴⁶</span> <span class='ocrx_word' id='word_1_158' title='bbox 1197 2930 1400 2996; x_wconf 86' lang='lat' dir='ltr'>roborentur.</span> 
     </span>
     <span class='ocr_line' id='line_1_22' title="bbox 309 3031 1401 3112; baseline 0 -15"><span class='ocrx_word' id='word_1_159' title='bbox 309 3031 473 3098; x_wconf 88' lang='lat' dir='ltr'>Abundet</span> <span class='ocrx_word' id='word_1_160' title='bbox 487 3033 521 3096; x_wconf 89' lang='lat' dir='ltr'>in</span> <span class='ocrx_word' id='word_1_161' title='bbox 542 3034 589 3098; x_wconf 88' lang='lat' dir='ltr'>eis</span> <span class='ocrx_word' id='word_1_162' title='bbox 609 3034 712 3098; x_wconf 85' lang='lat' dir='ltr'>totius</span> <span class='ocrx_word' id='word_1_163' title='bbox 729 3033 835 3099; x_wconf 83' lang='lat' dir='ltr'>forma</span> <span class='ocrx_word' id='word_1_164' title='bbox 848 3034 987 3112; x_wconf 88' lang='lat' dir='ltr'>virtutis,</span> <span class='ocrx_word' id='word_1_165' title='bbox 1003 3035 1180 3099; x_wconf 85' lang='lat' dir='ltr'>auctoritas</span> <span class='ocrx_word' id='word_1_166' title='bbox 1200 3033 1351 3098; x_wconf 90' lang='lat' dir='ltr'>modesta</span> <span class='ocrx_word' id='word_1_167' title='bbox 1362 3032 1401 3112; x_wconf 82' lang='lat'>⁴⁸,</span> 
     </span>
     <span class='ocr_line' id='line_1_23' title="bbox 308 3136 1401 3221; baseline 0.002 -23"><span class='ocrx_word' id='word_1_168' title='bbox 308 3137 416 3220; x_wconf 88' lang='lat' dir='ltr'>pudor</span> <span class='ocrx_word' id='word_1_169' title='bbox 443 3145 599 3201; x_wconf 87' lang='lat' dir='ltr'>constans</span> <span class='ocrx_word' id='word_1_170' title='bbox 630 3136 835 3202; x_wconf 90' lang='lat' dir='ltr'>innocentiae</span> <span class='ocrx_word' id='word_1_171' title='bbox 866 3146 900 3202; x_wconf 93' lang='lat' dir='ltr'>et</span> <span class='ocrx_word' id='word_1_172' title='bbox 924 3137 1081 3221; x_wconf 90' lang='lat' dir='ltr'>spiritalis</span> <span class='ocrx_word' id='word_1_173' title='bbox 1104 3137 1309 3202; x_wconf 89' lang='lat' dir='ltr'>observantia</span> <span class='ocrx_word' id='word_1_174' title='bbox 1334 3136 1401 3200; x_wconf 89' lang='lat' dir='ltr'>dis·</span> 
     </span>
     <span class='ocr_line' id='line_1_24' title="bbox 308 3235 1401 3328; baseline 0.002 -26"><span class='ocrx_word' id='word_1_175' title='bbox 308 3238 449 3324; x_wconf 88' lang='lat' dir='ltr'>ciplinae</span> <span class='ocrx_word' id='word_1_176' title='bbox 459 3238 502 3303; x_wconf 83' lang='lat'>⁴⁷:</span> <span class='ocrx_word' id='word_1_177' title='bbox 524 3239 558 3303; x_wconf 91' lang='lat' dir='ltr'>in</span> <span class='ocrx_word' id='word_1_178' title='bbox 583 3239 729 3304; x_wconf 88' lang='lat' dir='ltr'>moribus</span> <span class='ocrx_word' id='word_1_179' title='bbox 754 3235 935 3328; x_wconf 61' lang='lat' dir='ltr'>[eorumst]</span> <span class='ocrx_word' id='word_1_180' title='bbox 961 3250 1138 3325; x_wconf 90' lang='lat' dir='ltr'>praecepta</span> <span class='ocrx_word' id='word_1_181' title='bbox 1165 3249 1221 3305; x_wconf 90' lang='lat' dir='ltr'>tua</span> <span class='ocrx_word' id='word_1_182' title='bbox 1242 3238 1401 3322; x_wconf 83' lang='lat' dir='ltr'>fulgeant,</span> 
     </span>
     <span class='ocr_line' id='line_1_25' title="bbox 308 3339 1401 3427; baseline 0.001 -22"><span class='ocrx_word' id='word_1_183' title='bbox 308 3350 345 3406; x_wconf 89' lang='lat' dir='ltr'>ut</span> <span class='ocrx_word' id='word_1_184' title='bbox 367 3361 446 3408; x_wconf 88' lang='lat' dir='ltr'>suae</span> <span class='ocrx_word' id='word_1_185' title='bbox 465 3342 627 3408; x_wconf 86' lang='lat' dir='ltr'>castitatis</span> <span class='ocrx_word' id='word_1_186' title='bbox 647 3341 803 3426; x_wconf 88' lang='lat' dir='ltr'>exemplo</span> <span class='ocrx_word' id='word_1_187' title='bbox 826 3343 1045 3409; x_wconf 86' lang='lat' dir='ltr'>imitationem</span> <span class='ocrx_word' id='word_1_188' title='bbox 1053 3339 1082 3382; x_wconf 79' lang='lat'>¹⁹</span> <span class='ocrx_word' id='word_1_189' title='bbox 1102 3352 1237 3408; x_wconf 89' lang='lat' dir='ltr'>sanctae</span> <span class='ocrx_word' id='word_1_190' title='bbox 1256 3341 1401 3427; x_wconf 79' lang='lat' dir='ltr'>plebis³⁰</span> 
     </span>
     <span class='ocr_line' id='line_1_26' title="bbox 309 3443 1401 3529; baseline 0.002 -20"><span class='ocrx_word' id='word_1_191' title='bbox 309 3446 488 3529; x_wconf 88' lang='lat' dir='ltr'>acquirant,</span> <span class='ocrx_word' id='word_1_192' title='bbox 502 3454 537 3509; x_wconf 88' lang='lat' dir='ltr'>et</span> <span class='ocrx_word' id='word_1_193' title='bbox 551 3445 674 3510; x_wconf 88' lang='lat' dir='ltr'>bonum</span> <span class='ocrx_word' id='word_1_194' title='bbox 684 3446 1138 3510; x_wconf 88' lang='lat' dir='ltr'>conscientiaetestimonium</span> <span class='ocrx_word' id='word_1_195' title='bbox 1148 3443 1401 3529; x_wconf 76' lang='lat' dir='ltr'>praeferentes⁸¹</span> 
     </span>
     <span class='ocr_line' id='line_1_27' title="bbox 309 3543 1401 3632; baseline 0 -21"><span class='ocrx_word' id='word_1_196' title='bbox 309 3547 342 3611; x_wconf 92' lang='lat' dir='ltr'>in</span> <span class='ocrx_word' id='word_1_197' title='bbox 368 3543 537 3612; x_wconf 73' lang='lat' dir='ltr'>Christo⁶²</span> <span class='ocrx_word' id='word_1_198' title='bbox 565 3547 651 3612; x_wconf 87' lang='lat' dir='ltr'>firmi</span> <span class='ocrx_word' id='word_1_199' title='bbox 678 3559 712 3615; x_wconf 89' lang='lat' dir='ltr'>et</span> <span class='ocrx_word' id='word_1_200' title='bbox 735 3547 870 3613; x_wconf 82' lang='lat' dir='ltr'>stabiles</span> <span class='ocrx_word' id='word_1_201' title='bbox 893 3557 1110 3632; x_wconf 85' lang='lat' dir='ltr'>perseverent,</span> <span class='ocrx_word' id='word_1_202' title='bbox 1132 3548 1305 3632; x_wconf 89' lang='lat' dir='ltr'>dignisque</span> <span class='ocrx_word' id='word_1_203' title='bbox 1326 3566 1401 3612; x_wconf 89' lang='lat' dir='ltr'>suc·</span> 
     </span>
     <span class='ocr_line' id='line_1_28' title="bbox 309 3650 1403 3736; baseline 0.004 -23"><span class='ocrx_word' id='word_1_204' title='bbox 309 3650 491 3716; x_wconf 78' lang='lat' dir='ltr'>cesslbus⁶⁸</span> <span class='ocrx_word' id='word_1_205' title='bbox 519 3650 562 3715; x_wconf 91' lang='lat' dir='ltr'>de</span> <span class='ocrx_word' id='word_1_206' title='bbox 592 3650 743 3715; x_wconf 79' lang='lat' dir='ltr'>inferiore</span> <span class='ocrx_word' id='word_1_207' title='bbox 771 3653 875 3735; x_wconf 89' lang='lat' dir='ltr'>gradu</span> <span class='ocrx_word' id='word_1_208' title='bbox 902 3673 960 3736; x_wconf 88' lang='lat' dir='ltr'>per</span> <span class='ocrx_word' id='word_1_209' title='bbox 983 3652 1125 3736; x_wconf 85' lang='lat' dir='ltr'>gratiam</span> <span class='ocrx_word' id='word_1_210' title='bbox 1151 3662 1244 3717; x_wconf 91' lang='lat' dir='ltr'>tuam</span> <span class='ocrx_word' id='word_1_211' title='bbox 1272 3652 1403 3735; x_wconf 90' lang='lat' dir='ltr'>potiora</span> 
     </span>
     <span class='ocr_line' id='line_1_29' title="bbox 309 3752 860 3839; baseline 0.002 -20"><span class='ocrx_word' id='word_1_212' title='bbox 309 3752 460 3838; x_wconf 81' lang='lat' dir='ltr'>capere⁶⁴</span> <span class='ocrx_word' id='word_1_213' title='bbox 476 3763 663 3819; x_wconf 88' lang='lat' dir='ltr'>mereantur</span> <span class='ocrx_word' id='word_1_214' title='bbox 671 3753 707 3819; x_wconf 75' lang='lat'>⁶⁶.</span> <span class='ocrx_word' id='word_1_215' title='bbox 752 3756 860 3839; x_wconf 77' lang='lat' dir='ltr'>Peny</span> 
     </span>
    </p>
   </div>
   <div class='ocr_carea' id='block_1_3' title="bbox 247 3927 1408 5184">
    <p class='ocr_par' dir='ltr' id='par_1_4' title="bbox 310 3927 1408 4985">
     <span class='ocr_line' id='line_1_30' title="bbox 342 3927 1404 3993; baseline -0.001 -1"><span class='ocrx_word' id='word_1_216' title='bbox 342 3927 870 3992; x_wconf 64' lang='lat' dir='ltr'>*monnvnusoennmom</span> <span class='ocrx_word' id='word_1_217' title='bbox 966 3941 1028 3993; x_wconf 64' lang='lat' dir='ltr'>vsu</span> <span class='ocrx_word' id='word_1_218' title='bbox 1047 3939 1404 3993; x_wconf 60' lang='lat' dir='ltr'>transemundus</span> 
     </span>
     <span class='ocr_line' id='line_1_31' title="bbox 310 4005 1404 4084; baseline -0.001 -26"><span class='ocrx_word' id='word_1_219' title='bbox 310 4007 403 4058; x_wconf 80' lang='lat' dir='ltr'>section</span> <span class='ocrx_word' id='word_1_220' title='bbox 414 4022 454 4062; x_wconf 84' lang='lat' dir='ltr'>xx.</span> <span class='ocrx_word' id='word_1_221' title='bbox 464 4006 512 4056; x_wconf 79' lang='lat' dir='ltr'>cod</span> <span class='ocrx_word' id='word_1_222' title='bbox 524 4005 585 4066; x_wconf 77' lang='lat' dir='ltr'>niso,</span> <span class='ocrx_word' id='word_1_223' title='bbox 595 4020 625 4056; x_wconf 80' lang='lat' dir='ltr'>ns</span> <span class='ocrx_word' id='word_1_224' title='bbox 635 4007 735 4084; x_wconf 69' lang='lat' dir='ltr'>regenda</span> <span class='ocrx_word' id='word_1_225' title='bbox 745 4007 788 4057; x_wconf 90' lang='lat' dir='ltr'>tbe</span> <span class='ocrx_word' id='word_1_226' title='bbox 798 4006 852 4057; x_wconf 77' lang='lat' dir='ltr'>first</span> <span class='ocrx_word' id='word_1_227' title='bbox 884 4007 972 4072; x_wconf 87' lang='lat' dir='ltr'>ldding</span> <span class='ocrx_word' id='word_1_228' title='bbox 985 4023 1073 4074; x_wconf 79' lang='lat' dir='ltr'>prayer</span> <span class='ocrx_word' id='word_1_229' title='bbox 1086 4007 1137 4057; x_wconf 77' lang='lat' dir='ltr'>end</span> <span class='ocrx_word' id='word_1_230' title='bbox 1151 4008 1192 4058; x_wconf 88' lang='lat' dir='ltr'>tbe</span> <span class='ocrx_word' id='word_1_231' title='bbox 1226 4022 1296 4071; x_wconf 74' lang='lat' dir='ltr'>noyer</span> <span class='ocrx_word' id='word_1_232' title='bbox 1307 4006 1404 4057; x_wconf 71' lang='lat' dir='ltr'>tollon-</span> 
     </span>
     <span class='ocr_line' id='line_1_32' title="bbox 311 4071 1408 4138; baseline 0 -16"><span class='ocrx_word' id='word_1_233' title='bbox 311 4071 362 4138; x_wconf 80' lang='lat' dir='ltr'>ing,</span> <span class='ocrx_word' id='word_1_234' title='bbox 371 4071 430 4122; x_wconf 72' lang='lat' dir='ltr'>with</span> <span class='ocrx_word' id='word_1_235' title='bbox 441 4084 477 4133; x_wconf 67' lang='lat' dir='ltr'>a,</span> <span class='ocrx_word' id='word_1_236' title='bbox 488 4071 569 4122; x_wconf 80' lang='lat' dir='ltr'>vrbiclr</span> <span class='ocrx_word' id='word_1_237' title='bbox 584 4079 696 4122; x_wconf 79' lang='lat' dir='ltr'>contum</span> <span class='ocrx_word' id='word_1_238' title='bbox 709 4072 763 4123; x_wconf 73' lang='lat' dir='ltr'>that</span> <span class='ocrx_word' id='word_1_239' title='bbox 778 4074 878 4138; x_wconf 84' lang='lat' dir='ltr'>portion</span> <span class='ocrx_word' id='word_1_240' title='bbox 895 4072 962 4138; x_wconf 79' lang='lat' dir='ltr'>only.</span> <span class='ocrx_word' id='word_1_241' title='bbox 996 4073 1033 4122; x_wconf 80' lang='lat' dir='ltr'>As</span> <span class='ocrx_word' id='word_1_242' title='bbox 1047 4074 1073 4123; x_wconf 92' lang='lat' dir='ltr'>in</span> <span class='ocrx_word' id='word_1_243' title='bbox 1085 4081 1144 4124; x_wconf 81' lang='lat' dir='ltr'>sect.</span> <span class='ocrx_word' id='word_1_244' title='bbox 1155 4089 1188 4122; x_wconf 88' lang='grc' dir='ltr'>ιι</span> <span class='ocrx_word' id='word_1_245' title='bbox 1227 4071 1367 4136; x_wconf 79' lang='lat' dir='ltr'>ereadings</span> <span class='ocrx_word' id='word_1_246' title='bbox 1378 4071 1408 4122; x_wconf 74' lang='grc' dir='ltr'>οἱ</span> 
     </span>
     <span class='ocr_line' id='line_1_33' title="bbox 312 4137 1403 4205; baseline -0.001 -17"><span class='ocrx_word' id='word_1_247' title='bbox 312 4137 828 4203; x_wconf 67' lang='lat' dir='ltr'>honoenepondwiththetexrwbeoe</span> <span class='ocrx_word' id='word_1_248' title='bbox 842 4138 954 4190; x_wconf 84' lang='lat' dir='ltr'>ltisnot</span> <span class='ocrx_word' id='word_1_249' title='bbox 968 4138 1032 4189; x_wconf 86' lang='lat' dir='ltr'>cited</span> <span class='ocrx_word' id='word_1_250' title='bbox 1049 4139 1175 4205; x_wconf 77' lang='lat' dir='ltr'>byncme.</span> <span class='ocrx_word' id='word_1_251' title='bbox 1207 4139 1403 4194; x_wconf 76' lang='lat' dir='ltr'>Asinrectxx,</span> 
     </span>
     <span class='ocr_line' id='line_1_34' title="bbox 312 4201 1404 4270; baseline -0.003 -16"><span class='ocrx_word' id='word_1_252' title='bbox 312 4202 355 4254; x_wconf 80' lang='lat' dir='ltr'>tlte</span> <span class='ocrx_word' id='word_1_253' title='bbox 365 4202 441 4252; x_wconf 77' lang='lat' dir='ltr'>forms</span> <span class='ocrx_word' id='word_1_254' title='bbox 451 4201 477 4252; x_wconf 91' lang='lat' dir='ltr'>in</span> <span class='ocrx_word' id='word_1_255' title='bbox 487 4202 529 4253; x_wconf 89' lang='lat' dir='ltr'>tbe</span> <span class='ocrx_word' id='word_1_256' title='bbox 538 4202 608 4254; x_wconf 83' lang='lat' dir='ltr'>other</span> <span class='ocrx_word' id='word_1_257' title='bbox 618 4210 683 4253; x_wconf 80' lang='lat' dir='ltr'>texts</span> <span class='ocrx_word' id='word_1_258' title='bbox 797 4203 928 4269; x_wconf 78' lang='lat' dir='ltr'>excepted)</span> <span class='ocrx_word' id='word_1_259' title='bbox 941 4220 983 4255; x_wconf 80' lang='lat' dir='ltr'>are</span> <span class='ocrx_word' id='word_1_260' title='bbox 999 4204 1037 4255; x_wconf 82' lang='lat' dir='ltr'>ior</span> <span class='ocrx_word' id='word_1_261' title='bbox 1053 4205 1095 4255; x_wconf 87' lang='lat' dir='ltr'>the</span> <span class='ocrx_word' id='word_1_262' title='bbox 1112 4212 1178 4255; x_wconf 76' lang='lat' dir='ltr'>most</span> <span class='ocrx_word' id='word_1_263' title='bbox 1195 4211 1252 4270; x_wconf 78' lang='lat' dir='ltr'>part</span> <span class='ocrx_word' id='word_1_264' title='bbox 1262 4201 1362 4252; x_wconf 80' lang='lat' dir='ltr'>worded</span> <span class='ocrx_word' id='word_1_265' title='bbox 1378 4201 1404 4251; x_wconf 89' lang='lat' dir='ltr'>io</span> 
     </span>
     <span class='ocr_line' id='line_1_35' title="bbox 313 4266 1405 4346; baseline 0 -28"><span class='ocrx_word' id='word_1_266' title='bbox 313 4268 592 4333; x_wconf 78' lang='lat' dir='ltr'>tbedngnlcrunmber.</span> <span class='ocrx_word' id='word_1_267' title='bbox 674 4266 685 4297; x_wconf 81' lang='lat'>¹</span> <span class='ocrx_word' id='word_1_268' title='bbox 743 4269 814 4319; x_wconf 67' lang='lat' dir='ltr'>blla.</span> <span class='ocrx_word' id='word_1_269' title='bbox 828 4269 916 4326; x_wconf 69' lang='lat' dir='ltr'>Enoc</span> <span class='ocrx_word' id='word_1_270' title='bbox 928 4269 978 4319; x_wconf 80' lang='lat' dir='ltr'>nod</span> <span class='ocrx_word' id='word_1_271' title='bbox 989 4269 1016 4320; x_wconf 89' lang='lat' dir='ltr'>ln</span> <span class='ocrx_word' id='word_1_272' title='bbox 1027 4283 1052 4320; x_wconf 68' lang='lat' dir='ltr'>a</span> <span class='ocrx_word' id='word_1_273' title='bbox 1064 4269 1114 4320; x_wconf 85' lang='lat' dir='ltr'>this</span> <span class='ocrx_word' id='word_1_274' title='bbox 1127 4270 1191 4320; x_wconf 83' lang='lat' dir='ltr'>torm</span> <span class='ocrx_word' id='word_1_275' title='bbox 1202 4268 1405 4346; x_wconf 78' lang='lat' dir='ltr'>andtbeprryer</span> 
     </span>
     <span class='ocr_line' id='line_1_36' title="bbox 313 4332 1406 4401; baseline 0 -17"><span class='ocrx_word' id='word_1_276' title='bbox 313 4332 443 4398; x_wconf 73' lang='lat' dir='ltr'>following</span> <span class='ocrx_word' id='word_1_277' title='bbox 464 4348 505 4383; x_wconf 75' lang='lat' dir='ltr'>cre</span> <span class='ocrx_word' id='word_1_278' title='bbox 525 4332 655 4384; x_wconf 87' lang='lat' dir='ltr'>combined</span> <span class='ocrx_word' id='word_1_279' title='bbox 677 4333 731 4384; x_wconf 87' lang='lat' dir='ltr'>into</span> <span class='ocrx_word' id='word_1_280' title='bbox 753 4350 801 4385; x_wconf 89' lang='lat' dir='ltr'>oue</span> <span class='ocrx_word' id='word_1_281' title='bbox 823 4334 909 4401; x_wconf 85' lang='lat' dir='ltr'>longer</span> <span class='ocrx_word' id='word_1_282' title='bbox 932 4334 1032 4385; x_wconf 79' lang='lat' dir='ltr'>‘biddin</span> <span class='ocrx_word' id='word_1_283' title='bbox 1074 4335 1177 4401; x_wconf 54' lang='lat' dir='ltr'>prayer)</span> <span class='ocrx_word' id='word_1_284' title='bbox 1199 4334 1249 4384; x_wconf 76' lang='lat' dir='ltr'>and</span> <span class='ocrx_word' id='word_1_285' title='bbox 1272 4350 1288 4384; x_wconf 84' lang='lat' dir='ltr'>a</span> <span class='ocrx_word' id='word_1_286' title='bbox 1309 4333 1406 4383; x_wconf 73' lang='lat' dir='ltr'>nmllu</span> 
     </span>
     <span class='ocr_line' id='line_1_37' title="bbox 314 4397 1405 4465; baseline -0.001 -15"><span class='ocrx_word' id='word_1_287' title='bbox 314 4397 482 4450; x_wconf 80' lang='lat' dir='ltr'>combination</span> <span class='ocrx_word' id='word_1_288' title='bbox 500 4399 521 4448; x_wconf 85' lang='lat' dir='ltr'>n</span> <span class='ocrx_word' id='word_1_289' title='bbox 540 4397 617 4449; x_wconf 75' lang='lat' dir='ltr'>found</span> <span class='ocrx_word' id='word_1_290' title='bbox 638 4398 664 4447; x_wconf 90' lang='lat' dir='ltr'>in</span> <span class='ocrx_word' id='word_1_291' title='bbox 684 4400 747 4465; x_wconf 75' lang='lat' dir='ltr'>ng.</span> <span class='ocrx_word' id='word_1_292' title='bbox 770 4398 819 4449; x_wconf 77' lang='lat' dir='ltr'>end</span> <span class='ocrx_word' id='word_1_293' title='bbox 842 4400 867 4450; x_wconf 86' lang='lat' dir='ltr'>iu</span> <span class='ocrx_word' id='word_1_294' title='bbox 889 4400 977 4451; x_wconf 82' lang='lat' dir='ltr'>Codex</span> <span class='ocrx_word' id='word_1_295' title='bbox 1055 4401 1161 4450; x_wconf 75' lang='lat' dir='ltr'>onensie</span> <span class='ocrx_word' id='word_1_296' title='bbox 1193 4399 1224 4449; x_wconf 88' lang='lat' dir='ltr'>lu</span> <span class='ocrx_word' id='word_1_297' title='bbox 1248 4399 1320 4450; x_wconf 84' lang='lat' dir='ltr'>Geor.</span> <span class='ocrx_word' id='word_1_298' title='bbox 1343 4397 1405 4449; x_wconf 83' lang='lat' dir='ltr'>both</span> 
     </span>
     <span class='ocr_line' id='line_1_38' title="bbox 313 4463 1405 4596; baseline -0.001 -16"><span class='ocrx_word' id='word_1_299' title='bbox 313 4463 968 4596; x_wconf 61' lang='lat' dir='ltr'>emmerammenses</span> <span class='ocrx_word' id='word_1_300' title='bbox 980 4464 1405 4595; x_wconf 46' lang='lat' dir='ltr'>satanam-snm</span> 
     </span>
     <span class='ocr_line' id='line_1_39' title="bbox 315 4592 1405 4646; baseline -0.002 -2"><span class='ocrx_word' id='word_1_301' title='bbox 315 4602 381 4644; x_wconf 86' lang='lat' dir='ltr'>ment</span> <span class='ocrx_word' id='word_1_302' title='bbox 392 4593 421 4645; x_wconf 83' lang='lat' dir='ltr'>ol</span> <span class='ocrx_word' id='word_1_303' title='bbox 430 4592 563 4644; x_wconf 72' lang='lat' dir='ltr'>Menene&#39;s</span> <span class='ocrx_word' id='word_1_304' title='bbox 575 4594 644 4645; x_wconf 87' lang='lat' dir='ltr'>Ordo</span> <span class='ocrx_word' id='word_1_305' title='bbox 655 4595 681 4643; x_wconf 82' lang='lat' dir='ltr'>iv</span> <span class='ocrx_word' id='word_1_306' title='bbox 786 4595 847 4644; x_wconf 74' lang='lat' dir='ltr'>with</span> <span class='ocrx_word' id='word_1_307' title='bbox 859 4596 913 4646; x_wconf 80' lang='lat' dir='ltr'>tbct</span> <span class='ocrx_word' id='word_1_308' title='bbox 924 4595 953 4645; x_wconf 85' lang='lat' dir='ltr'>oi</span> <span class='ocrx_word' id='word_1_309' title='bbox 962 4597 993 4646; x_wconf 92' lang='lat' dir='ltr'>V.</span> <span class='ocrx_word' id='word_1_310' title='bbox 1100 4593 1110 4624; x_wconf 82' lang='lat'>⁸</span> <span class='ocrx_word' id='word_1_311' title='bbox 1127 4596 1203 4646; x_wconf 85' lang='lat' dir='ltr'>Gerb.</span> <span class='ocrx_word' id='word_1_312' title='bbox 1215 4594 1282 4646; x_wconf 90' lang='lat' dir='ltr'>Gell.</span> <span class='ocrx_word' id='word_1_313' title='bbox 1294 4594 1356 4646; x_wconf 87' lang='lat' dir='ltr'>omit</span> <span class='ocrx_word' id='word_1_314' title='bbox 1367 4601 1405 4644; x_wconf 77' lang='lat' dir='ltr'>ut.</span> 
     </span>
     <span class='ocr_line' id='line_1_40' title="bbox 314 4611 1406 4733; baseline 0.002 -26"><span class='ocrx_word' id='word_1_315' title='bbox 314 4659 561 4733; x_wconf 64' lang='lat' dir='ltr'>‘missurum</span> <span class='ocrx_word' id='word_1_316' title='bbox 573 4611 925 4727; x_wconf 54' lang='lat' dir='ltr'>ordinemmnmffn&#39;i</span> <span class='ocrx_word' id='word_1_317' title='bbox 939 4661 1059 4726; x_wconf 76' lang='lat' dir='ltr'>dignatus</span> <span class='ocrx_word' id='word_1_318' title='bbox 1073 4661 1305 4726; x_wconf 69' lang='lat' dir='ltr'>omnumEgb</span> <span class='ocrx_word' id='word_1_319' title='bbox 1317 4658 1406 4715; x_wconf 72' lang='lat' dir='ltr'>Cenat</span> 
     </span>
     <span class='ocr_line' id='line_1_41' title="bbox 314 4724 1406 4791; baseline 0 -17"><span class='ocrx_word' id='word_1_320' title='bbox 314 4724 1032 4791; x_wconf 52' lang='lat' dir='ltr'>qumrhmmordinedr&#39;gnnturesasrumresserbm</span> <span class='ocrx_word' id='word_1_321' title='bbox 1050 4726 1406 4776; x_wconf 56' lang='lat' dir='ltr'>taruennensem</span> 
     </span>
     <span class='ocr_line' id='line_1_42' title="bbox 316 4788 1405 4856; baseline 0 -18"><span class='ocrx_word' id='word_1_322' title='bbox 316 4794 357 4853; x_wconf 82' lang='lat' dir='ltr'>(so</span> <span class='ocrx_word' id='word_1_323' title='bbox 368 4789 423 4839; x_wconf 77' lang='lat' dir='ltr'>also</span> <span class='ocrx_word' id='word_1_324' title='bbox 433 4788 519 4848; x_wconf 79' lang='lat' dir='ltr'>leon,</span> <span class='ocrx_word' id='word_1_325' title='bbox 530 4799 616 4855; x_wconf 83' lang='lat' dir='ltr'>except</span> <span class='ocrx_word' id='word_1_326' title='bbox 628 4791 665 4839; x_wconf 89' lang='lat' dir='ltr'>lor</span> <span class='ocrx_word' id='word_1_327' title='bbox 675 4791 717 4841; x_wconf 89' lang='lat' dir='ltr'>tbe</span> <span class='ocrx_word' id='word_1_328' title='bbox 733 4790 835 4856; x_wconf 74' lang='lat' dir='ltr'>reading</span> <span class='ocrx_word' id='word_1_329' title='bbox 846 4791 976 4849; x_wconf 72' lang='grc' dir='ltr'>ὒίαιοιιίί,</span> <span class='ocrx_word' id='word_1_330' title='bbox 987 4790 1038 4840; x_wconf 76' lang='lat' dir='ltr'>and</span> <span class='ocrx_word' id='word_1_331' title='bbox 1048 4790 1126 4847; x_wconf 83' lang='lat' dir='ltr'>Gell..</span> <span class='ocrx_word' id='word_1_332' title='bbox 1137 4798 1224 4854; x_wconf 84' lang='lat' dir='ltr'>except</span> <span class='ocrx_word' id='word_1_333' title='bbox 1235 4791 1273 4840; x_wconf 87' lang='lat' dir='ltr'>lor</span> <span class='ocrx_word' id='word_1_334' title='bbox 1282 4790 1325 4840; x_wconf 90' lang='lat' dir='ltr'>tbe</span> <span class='ocrx_word' id='word_1_335' title='bbox 1335 4788 1405 4838; x_wconf 78' lang='lat' dir='ltr'>read·</span> 
     </span>
     <span class='ocr_line' id='line_1_43' title="bbox 314 4854 1406 4923; baseline 0.001 -20"><span class='ocrx_word' id='word_1_336' title='bbox 314 4854 488 4920; x_wconf 73' lang='lat' dir='ltr'>ingdr&#39;gnatus</span> <span class='ocrx_word' id='word_1_337' title='bbox 498 4859 551 4919; x_wconf 81' lang='lat' dir='ltr'>est).</span> <span class='ocrx_word' id='word_1_338' title='bbox 671 4854 1058 4921; x_wconf 52' lang='lat' dir='ltr'>‘marmoreum</span> <span class='ocrx_word' id='word_1_339' title='bbox 1071 4856 1135 4923; x_wconf 81' lang='lat' dir='ltr'>Egb.</span> <span class='ocrx_word' id='word_1_340' title='bbox 1148 4856 1220 4907; x_wconf 71' lang='lat' dir='ltr'>Gens</span> <span class='ocrx_word' id='word_1_341' title='bbox 1234 4855 1323 4913; x_wconf 76' lang='lat' dir='ltr'>Gerb3</span> <span class='ocrx_word' id='word_1_342' title='bbox 1338 4854 1406 4904; x_wconf 71' lang='lat' dir='ltr'>hnu-</span> 
     </span>
     <span class='ocr_line' id='line_1_44' title="bbox 313 4918 1406 4985; baseline 0 -15"><span class='ocrx_word' id='word_1_343' title='bbox 313 4918 645 4985; x_wconf 75' lang='lat' dir='ltr'>dr&#39;ctionrnrgmtr’aaelliss</span> <span class='ocrx_word' id='word_1_344' title='bbox 664 4920 767 4982; x_wconf 77' lang='lat' dir='ltr'>Fnoc3</span> <span class='ocrx_word' id='word_1_345' title='bbox 791 4922 814 4970; x_wconf 89' lang='lat' dir='ltr'>V</span> <span class='ocrx_word' id='word_1_346' title='bbox 840 4920 1070 4972; x_wconf 67' lang='lat' dir='ltr'>aGellnstext</span> <span class='ocrx_word' id='word_1_347' title='bbox 1167 4919 1406 4985; x_wconf 57' lang='lat' dir='ltr'>&#39;infmdntGem</span> 
     </span>
    </p>

    <p class='ocr_par' dir='ltr' id='par_1_5' title="bbox 247 4983 1407 5184">
     <span class='ocr_line' id='line_1_45' title="bbox 247 4983 1370 5053; baseline 0.001 -19"><span class='ocrx_word' id='word_1_348' title='bbox 247 5034 251 5042; x_wconf 72' lang='grc'><strong>,</strong></span> <span class='ocrx_word' id='word_1_349' title='bbox 314 4983 520 5051; x_wconf 60' lang='lat' dir='ltr'>&#39;apamea</span> <span class='ocrx_word' id='word_1_350' title='bbox 539 4986 867 5053; x_wconf 65' lang='lat' dir='ltr'>mmecrntionrlrpropr‘tr&#39;rrs</span> <span class='ocrx_word' id='word_1_351' title='bbox 886 4987 1016 5051; x_wconf 77' lang='lat' dir='ltr'>indulgent</span> <span class='ocrx_word' id='word_1_352' title='bbox 1035 4986 1290 5051; x_wconf 75' lang='lat' dir='ltr'>EgbGennnnd(</span> <span class='ocrx_word' id='word_1_353' title='bbox 1364 4986 1370 4997; x_wconf 81' lang='grc'>’</span> 
     </span>
     <span class='ocr_line' id='line_1_46' title="bbox 310 5050 1387 5169; baseline -0.003 -67"><span class='ocrx_word' id='word_1_354' title='bbox 310 5050 445 5169; x_wconf 52' lang='lat' dir='ltr'>mrbus)</span> <span class='ocrx_word' id='word_1_355' title='bbox 458 5052 532 5102; x_wconf 81' lang='lat' dir='ltr'>Gerb</span> <span class='ocrx_word' id='word_1_356' title='bbox 540 5067 548 5113; x_wconf 86' lang='lat'>;</span> <span class='ocrx_word' id='word_1_357' title='bbox 565 5051 595 5103; x_wconf 87' lang='lat' dir='ltr'>V.</span> <span class='ocrx_word' id='word_1_358' title='bbox 607 5065 633 5103; x_wconf 75' lang='grc' dir='ltr'>Α.</span> <span class='ocrx_word' id='word_1_359' title='bbox 644 5068 672 5103; x_wconf 82' lang='lat' dir='ltr'>ns</span> <span class='ocrx_word' id='word_1_360' title='bbox 682 5060 741 5103; x_wconf 82' lang='lat' dir='ltr'>text.</span> <span class='ocrx_word' id='word_1_361' title='bbox 774 5052 900 5117; x_wconf 81' lang='lat' dir='ltr'>Similarly</span> <span class='ocrx_word' id='word_1_362' title='bbox 912 5052 983 5103; x_wconf 78' lang='lat' dir='ltr'>Mire.</span> <span class='ocrx_word' id='word_1_363' title='bbox 997 5052 1017 5100; x_wconf 84' lang='lat' dir='ltr'>F</span> <span class='ocrx_word' id='word_1_364' title='bbox 1018 5068 1084 5103; x_wconf 76' lang='lat' dir='ltr'>rane.</span> <span class='ocrx_word' id='word_1_365' title='bbox 1101 5055 1154 5114; x_wconf 80' lang='lat' dir='ltr'>(ren</span> <span class='ocrx_word' id='word_1_366' title='bbox 1174 5053 1180 5063; x_wconf 93' lang='lat'>&#39;</span> <span class='ocrx_word' id='word_1_367' title='bbox 1230 5050 1340 5112; x_wconf 73' lang='lat' dir='ltr'>adulta),</span> <span class='ocrx_word' id='word_1_368' title='bbox 1356 5065 1387 5100; x_wconf 79' lang='lat' dir='ltr'>eu</span> 
     </span>
     <span class='ocr_line' id='line_1_47' title="bbox 385 5115 1407 5184; baseline -0.003 -16"><span class='ocrx_word' id='word_1_369' title='bbox 385 5117 460 5168; x_wconf 55' lang='lat' dir='ltr'>aad</span> <span class='ocrx_word' id='word_1_370' title='bbox 480 5117 546 5169; x_wconf 85' lang='lat' dir='ltr'>Geli.</span> <span class='ocrx_word' id='word_1_371' title='bbox 570 5118 682 5184; x_wconf 78' lang='lat' dir='ltr'>(reading</span> <span class='ocrx_word' id='word_1_372' title='bbox 707 5118 841 5182; x_wconf 70' lang='lat' dir='ltr'>Multae).</span> <span class='ocrx_word' id='word_1_373' title='bbox 875 5117 946 5168; x_wconf 80' lang='lat' dir='ltr'>Alter</span> <span class='ocrx_word' id='word_1_374' title='bbox 967 5125 1090 5168; x_wconf 77' lang='lat' dir='ltr'>conservet</span> <span class='ocrx_word' id='word_1_375' title='bbox 1112 5117 1182 5169; x_wconf 73' lang='lat' dir='ltr'>blica.</span> <span class='ocrx_word' id='word_1_376' title='bbox 1226 5131 1292 5168; x_wconf 80' lang='lat' dir='ltr'>mne.</span> <span class='ocrx_word' id='word_1_377' title='bbox 1309 5115 1360 5166; x_wconf 78' lang='lat' dir='ltr'>end</span> <span class='ocrx_word' id='word_1_378' title='bbox 1379 5127 1407 5166; x_wconf 78' lang='grc' dir='ltr'>Α.</span> 
     </span>
    </p>
   </div>
   <div class='ocr_carea' id='block_1_4' title="bbox 0 0 1697 5828">
    <p class='ocr_par' dir='ltr' id='par_1_6' title="bbox 0 0 1697 5828">
     <span class='ocr_line' id='line_1_48' title="bbox 0 0 1697 5828; baseline 0 0"><span class='ocrx_word' id='word_1_379' title='bbox 0 0 1697 5828; x_wconf 95' lang='lat' dir='ltr'> </span> 
     </span>
    </p>
   </div>
  </div>
 </body>
</html>
