3352 5828
854 387 1084 446 APPENDIX.

522 549 639 613 Praesta
660 551 746 613 nobis
766 569 805 612 ru.
826 551 864 612 D.
883 563 916 613 ut
936 552 1132 633 placationem

522 649 671 712 Ecclesiae
691 663 759 712 tuae
779 650 855 712 Dne.
873 669 996 714 munera
1015 652 1145 732 placatus

522 748 592 809 VD.
611 748 796 812 Maiestatem
816 761 897 812 tuam
918 751 1115 831 supplicantes
1206 817 1210 827 ,

524 849 639 910 Reiecti
659 848 736 912 Due.
759 868 835 929 pane
856 850 974 912 caelesti

521 945 675 1008 Familiam
695 957 776 1009 tuam
796 966 826 1025 q.
846 950 1021 1028 propitiatus

753 1061 843 1124 Fers'a
863 1066 890 1125 si'
906 1064 949 1124 ad
965 1062 999 1126 S.
1022 1062 1193 1126 Comensem.

522 1168 641 1231 Praesta
661 1188 691 1249 q.
712 1188 739 1233 o.
763 1169 800 1230 D.
820 1182 855 1232 ut
873 1171 982 1233 familia
1002 1182 1055 1233 tua

522 1267 597 1329 Tuis
618 1288 646 1347 q.
669 1267 745 1328 Due.
767 1269 868 1331 adesto
888 1270 1068 1350 supplicibus
1088 1280 1117 1331 et
1137 1269 1212 1330 inter

523 1365 608 1429 Haec
629 1366 723 1428 hostia
743 1366 818 1430 Dne.
839 1367 1011 1448 placationis
1030 1377 1060 1430 et
1078 1367 1172 1429 laudis

523 1465 663 1545 Percepta
684 1465 761 1529 Dne.
781 1478 882 1529 sancta
902 1485 959 1529 nos
977 1467 1114 1529 adiuvent

523 1562 667 1644 Populum
689 1575 771 1624 tuum
792 1563 869 1627 Dne.
890 1584 919 1645 q.
940 1566 979 1627 ad
999 1577 1027 1627 te
1048 1564 1221 1627 totocorde

758 1678 849 1741 Fertis
868 1683 907 1741 rii·
918 1682 960 1741 od
977 1680 1010 1744 S.
1032 1680 1195 1742 Bolbriram.

523 1784 633 1848 Perfice
654 1805 682 1867 q.
703 1785 780 1848 Dne.
801 1788 946 1868 benignus
965 1789 997 1848 in
1017 1788 1104 1849 nobis

522 1882 605 1945 Deus
624 1886 675 1965 qui
697 1887 737 1947 ob
757 1886 921 1947 animarum
941 1886 1089 1948 medelam

523 1981 786 2046 Sanctificationem
807 1986 894 2047 nobis
913 1985 990 2048 Due.
1011 1986 1057 2048 his
1077 1987 1221 2066 mysteriis

528 2081 654 2144 Delicias
675 2082 752 2144 Dne.
774 2080 948 2168 [mirabiles]
970 2103 1090 2148 mensae

522 2182 571 2243 Da
590 2200 619 2262 q.
638 2180 717 2244 Due.
737 2181 873 2244 fidelibus
892 2185 950 2244 tuis
971 2193 1000 2245 et
1021 2184 1083 2246 sine
1103 2183 1267 2246 cessatione

751 2296 841 2359 Fmiz
861 2301 891 2359 in
910 2300 952 2359 ad
969 2297 1002 2361 S.
1025 2299 1186 2363 Caecilium.

522 2405 605 2467 Deus
624 2405 676 2484 qui
696 2403 902 2484 perverbum
923 2416 1006 2465 tuum
1025 2404 1145 2465 humani

521 2504 641 2566 Praesta
661 2503 749 2565 uobis
769 2502 846 2564 Dne.
865 2503 1006 2564 auxilium
1027 2503 1135 2583 gratiae

522 2602 643 2663 Hostias
663 2600 740 2661 Dne.
761 2619 835 2680 quas
856 2602 908 2662 tibi
929 2601 1080 2662 offerimus
1100 2602 1244 2681 propitius

522 2699 624 2761 Gratia
644 2710 694 2761 tua
714 2717 770 2760 nos
791 2697 867 2760 Due.
888 2718 918 2779 q.
939 2717 1002 2760 non
1025 2700 1170 2778 relinquat

522 2798 667 2878 Populum
688 2809 770 2858 tuum
791 2796 868 2858 Dne.
888 2799 1031 2877 propitius
1051 2798 1163 2876 respice
1183 2807 1212 2858 et
1232 2814 1308 2877 quos

644 2920 735 2981 Feriis
755 2940 773 2980 u
794 2922 835 2980 ad
852 2918 884 2982 S.
907 2921 1042 2981 Mariam
1060 2932 1144 2981 trans
1167 2921 1299 2980 Talmis.

524 3027 687 3088 Ecclesiam
708 3036 789 3086 tuam
809 3026 886 3087 Dne.
907 3031 1048 3106 perpetua

524 3125 640 3185 Adiuva
661 3143 716 3185 nos
737 3123 774 3183 D.
796 3124 928 3185 salutaris
948 3137 1049 3186 noster

524 3224 656 3301 Accepta
676 3222 728 3282 tibi
749 3223 807 3282 siut
827 3221 905 3282 Dne.
926 3241 954 3300 q.
975 3225 1067 3283 nostri
1087 3223 1166 3283 dona
1187 3224 1285 3284 ieiunii

506 3321 713 3381 *Praevenisnt
735 3321 819 3380 nobis
841 3319 918 3382 Dne.
939 3340 969 3401 q.
991 3321 1088 3382 divina
1108 3332 1158 3382 tua
1178 3333 1281 3383 saneta

505 3420 635 3480 *Adesto
654 3418 730 3482 Due.
755 3418 870 3480 famulis
890 3420 946 3481 tuis
966 3430 996 3482 et
1015 3438 1103 3499 opem

530 3544 621 3604 Feriis
641 3547 675 3603 υἱ
692 3544 733 3603 ad
750 3541 783 3604 S.
804 3542 920 3602 Vitalens
936 3542 984 3625 (R.
999 3543 1073 3604 adds
1086 3543 1149 3604 Hic
1158 3545 1245 3623 sacis
1263 3542 1421 3625 semusti).

523 3650 572 3712 Da
590 3669 618 3729 q.
639 3671 666 3712 0.
688 3650 726 3710 D.
747 3660 778 3710 ut
798 3668 882 3710 sacro
903 3669 959 3712 nos
978 3650 1147 3728 purificante

524 3750 574 3811 Ad
593 3750 692 3810 hostes
714 3759 830 3810 nostros
850 3747 929 3810 Due.
949 3749 1132 3828 superandos

525 3849 610 3910 Haec
630 3850 660 3908 in
681 3848 766 3908 uobis
786 3848 927 3908 sacrificia
947 3847 985 3907 D.
1007 3856 1037 3909 et
1056 3848 1171 3908 actione

524 3947 584 4008 Fac
604 3965 660 4007 nos
680 3946 758 4007 Dne.
779 3965 808 4026 q.
830 3955 953 4025 accepto
974 3945 1098 4025 pignore

524 4045 573 4106 Da
593 4065 621 4126 q.
642 4044 719 4106 Dne.
741 4043 852 4124 populo
873 4054 925 4105 tuo
946 4044 1070 4104 salutem

633 4178 755 4240 Sabbata
776 4177 817 4237 ad
833 4175 892 4239 SS.
913 4176 1119 4237 Marcellinum
1136 4187 1162 4236 et
1182 4178 1307 4238 Petrum.

522 4293 571 4355 Da
591 4313 619 4373 q.
642 4294 719 4355 Dne.
740 4293 848 4354 nostris
869 4293 1009 4354 effectum

505 4392 650 4453 *Subveni
671 4393 748 4453 Dne.
770 4392 858 4452 servis
878 4393 934 4451 tuis
955 4410 1011 4470 pro
1032 4411 1085 4452 sua

525 4491 583 4551 His
604 4491 751 4552 sacrifieiis
772 4490 848 4550 Dne.
870 4490 1000 4551 concede
1021 4491 1152 4569 placatus

525 4589 704 4650 Sacramenti
725 4590 767 4650 tui
789 4589 866 4649 Dne.
888 4589 987 4649 diviua
1007 4588 1107 4648 libatio

506 4689 718 4768 *implorantes
739 4688 814 4748 Dne.
835 4687 1065 4749 misericordiam
1086 4687 1183 4748 fideles
