3352 5828
695 821 920 880 APPENDIX.

364 987 558 1051 Clementiam
579 997 659 1048 tuam
680 985 756 1048 Due.
778 987 943 1066 suppliciter
963 1004 1119 1048 exoramus

365 1087 433 1147 VD.
455 1086 678 1162 Redemptlonis
698 1096 816 1148 nostrae
836 1085 910 1147 leste
929 1085 1057 1146 recolere

365 1186 453 1248 Hanc
474 1186 560 1264 igitur
579 1185 638 1247 obl
658 1184 833 1248 famulorum
852 1183 1082 1264 amulanrmque

344 1284 430 1346 *Tua
450 1303 506 1347 uos
526 1305 554 1366 q.
575 1284 651 1346 Dnc.
673 1303 750 1365 quae
770 1284 949 1365 sumpsimus

534 1430 697 1517 [Orationes
709 1440 736 1494 et
746 1433 851 1495 Preces
863 1435 895 1493 in
909 1432 1074 1494 Porocdsi’s.

365 1548 404 1609 D.
426 1549 475 1629 qni
495 1548 615 1611 humani
635 1549 751 1628 generis
771 1558 920 1628 reparator
940 1559 969 1610 et
991 1557 1086 1608 rector

367 1647 535 1710 Renovatos
554 1647 631 1709 Dne.
652 1647 740 1710 iontis
759 1667 795 1710 ac
815 1647 937 1728 Spiritus
958 1647 998 1707 tui

346 1746 524 1808 *Offerimns
543 1747 594 1808 tibi
614 1747 691 1809 Dne.
711 1746 812 1808 laudes
832 1756 861 1807 et
880 1764 1002 1807 munera

366 1844 433 1907 VD.
456 1845 521 1907 Nos
542 1856 570 1908 te
589 1846 755 1926 suppliciter
774 1863 895 1907 exorare
915 1854 947 1905 ut
967 1844 1100 1906 fidelibus

365 1945 491 2006 Adiuvet
511 1963 566 2007 nos
585 1964 614 2025 q.
636 1944 714 2007 Dne.
734 1954 868 2006 sanctum
888 1944 966 2004 istud

347 2043 492 2123 sPopulus
513 2055 580 2105 tuus
600 2062 629 2123 q.
651 2043 727 2104 Due.
749 2052 886 2103 renovata
906 2037 1035 2123 semper]
1153 2074 1156 2079 ·
1258 2072 1260 2077 ·

483 2190 554 2276 [υἱεῖ
564 2191 636 2253 Kal.
650 2193 726 2271 Apr.
739 2191 929 2252 Ammonos
942 2189 975 2252 S.
989 2190 1110 2251 Manae
1117 2187 1136 2249 ¹.

366 2307 405 2369 0.
426 2325 450 2370 s.
469 2307 509 2368 D.
530 2308 580 2386 qui
601 2319 789 2368 coaeternum
809 2305 861 2367 tibi
881 2304 987 2365 Filium

348 2405 482 2467 *Exaudi
503 2424 559 2468 nos
579 2404 655 2466 Due.
675 2422 699 2465 s
720 2405 753 2465 P.
773 2422 802 2466 o.
822 2412 877 2465 aet.
897 2403 934 2466 D.
957 2403 1007 2483 qui
1027 2420 1081 2482 per
1100 2403 1202 2464 beatae

367 2504 461 2565 Altari
481 2515 534 2566 tuo
553 2503 630 2565 Due.
649 2503 871 2584 superimposita

350 2602 540 2666 *Oblationes
560 2613 676 2664 nostras
695 2620 725 2681 q.
746 2601 822 2662 Dne.
841 2602 1013 2680 propitiatus
1033 2600 1153 2662 intende

351 2700 437 2764 eVD.
461 2700 521 2775 Qui
542 2719 597 2761 nos
617 2699 750 2761 mirabile
769 2700 936 2778 mysterium

370 2799 483 2860 Adesto
504 2798 580 2860 Dne.
602 2799 712 2879 populo
732 2809 783 2861 tuo
802 2809 835 2859 ut
855 2817 930 2877 quae
951 2798 1071 2877 sumpsit

370 2897 495 2978 Protege
516 2897 592 2959 Due.
613 2897 738 2959 famulos
756 2906 824 2998 tuos
843 2895 977 2958 subsidiis
997 2891 1092 2977 pacis]

681 3041 782 3129 [Alias
804 3045 950 3107 θναίὡηιε

369 3160 478 3223 Beatae
498 3171 527 3222 et
545 3160 712 3240 gloriosae.
730 3206 737 3222 .
752 3205 759 3222 .
774 3178 830 3222 nos
850 3160 925 3221 Dne.
946 3178 975 3239 q.

351 3259 477 3320 -Beatse
496 3269 527 3321 et
546 3259 758 3338 gloriosae...
775 3277 803 3337 q.
825 3278 853 3320 o.
873 3258 911 3319 D.
932 3256 1101 3319 intercessio

369 3357 488 3437 Porrige
509 3358 594 3418 nobis
615 3356 653 3417 D.
673 3357 821 3418 dexmram
841 3365 970 3417 tuamet
990 3351 1055 3436 per]

431 3505 579 3567 Oratim
590 3512 618 3566 el
628 3506 732 3566 Preces
744 3504 895 3565 Domsirr’ca
900 3509 969 3581 post
983 3502 1040 3563 Oct.
1056 3501 1194 3561 Porciae.

349 3620 404 3682 eD.
426 3621 477 3700 qui
496 3622 528 3681 in
548 3620 612 3681 Filii
632 3621 674 3680 toi
695 3620 854 3680 humilitate

367 3719 405 3779 D.
427 3721 457 3779 in
477 3719 559 3779 cuius
580 3719 744 3797 praecipuis
763 3717 941 3778 mirabilibus

368 3816 605 3878 Benedictionem
627 3815 703 3878 Dne.
723 3816 808 3877 nobis
829 3814 957 3878 conferat

369 3915 436 3976 VD.
458 3915 607 3990 Quoniam
615 3913 651 3996 (l)
674 3916 854 3975 maiestatem
874 3925 955 3974 tuum
974 3913 1087 3992 precari

349 4014 486 4075 *Praesta
506 4015 593 4075 nobis
612 4032 641 4074 o.
663 4012 700 4072 D.
722 4024 753 4075 ut
773 4013 970 4073 vivificationis

520 4160 572 4245 [in'
587 4161 633 4223 Id.
648 4163 722 4240 Apr.
740 4161 813 4223 Nar.
828 4161 860 4222 S.
876 4160 978 4221 Leonti
990 4160 1097 4238 Papae.

368 4277 485 4338 Exaudi
505 4277 580 4339 Dne.
601 4296 704 4357 preces
724 4289 837 4338 nostras
857 4294 930 4356 quus
949 4277 980 4335 in
1000 4294 1023 4336 s
1045 4274 1218 4337 contessoris

350 4376 486 4437 *Praesta
507 4395 534 4456 q.
555 4394 582 4437 o.
603 4377 639 4436 D.
660 4386 693 4436 ut
712 4378 743 4436 b.
764 4375 828 4436 Leo

351 4475 401 4536 eS.
422 4474 532 4536 leonis
552 4466 727 4536 confessoris
747 4475 789 4534 tui
810 4484 896 4552 atque
917 4474 1062 4552 pontificis

371 4572 410 4634 D.
432 4574 559 4635 fidelium
580 4584 778 4635 remunerator
798 4568 984 4654 animarum]

587 4722 647 4806 [rs.
662 4725 736 4804 apr.
749 4722 822 4784 rra.
836 4722 868 4785 s.
884 4721 1035 4801 rufina.

370 4838 510 4900 Concede
530 4856 559 4917 q.
580 4857 608 4912 o.
629 4838 668 4900 D.
687 4857 711 4900 s.
731 4840 862 4918 mmyris
881 4838 1026 4897 Eulimiae

371 4937 480 4998 Annae
500 4954 530 5015 q.
550 4936 625 4999 Dne.
646 4947 679 4998 ut
697 4955 720 4999 s
743 4937 876 5015 mamyris
895 4935 1039 4997 Eufimiae

300 5097 309 5128 ¹
327 5099 360 5150 R.
372 5097 419 5149 has
431 5117 447 5150 a
456 5098 568 5149 diderat
578 5099 659 5149 Missa
672 5099 722 5166 (see
739 5096 814 5150 Gerb.
826 5113 851 5163 p
863 5111 902 5162 ³²2
915 5100 985 5161 note)
1002 5097 1136 5162 omsisdng
1152 5095 1181 5145 ol
1195 5110 1241 5145 one
1257 5093 1363 5156 Collect,

268 5163 353 5216 Secret
364 5165 413 5216 end
425 5165 650 5216 Postoommuulou.

790 5262 847 5312 Η
