3352 5828
325 402 368 502 §4
611 405 740 464 LIBER
759 404 1144 466 SACRAMENTORUM
1270 405 1304 472 [Ι.
1314 407 1421 459 navari

327 580 378 640 est
392 593 451 658 per
465 571 706 657 indulgentiam
725 571 872 638 remissio
891 581 1113 660 peccatorum,
1130 580 1164 638 et
1181 570 1346 658 copiosior
1362 593 1422 658 per

327 678 469 764 gratiam
491 676 676 760 assumptio
698 676 946 742 renascentium.
992 675 1165 760 Augemur
1182 677 1419 762 regenerandis,

327 781 505 848 crescimus
525 781 672 847 reversis.
716 780 846 846 Lavant
867 800 983 863 aquae,
1003 780 1114 846 lavant
1128 779 1291 847 lacrimae.
1336 781 1421 847 Inde

328 885 489 971 gaudium
517 885 561 950 de
588 885 814 969 assumptione
842 893 1046 959 vooatorum,
1074 883 1150 950 hinc
1187 883 1311 951 laetitia
1322 881 1349 924 ¹¹
1378 886 1422 950 de

330 988 539 1055 absolutione
560 987 812 1072 poenitentium.
856 986 941 1053 inde
970 995 1021 1052 est
1049 987 1138 1069 quod
1167 987 1311 1073 supplex
1335 997 1423 1066 tuus,

329 1084 568 1176 posteaquam
591 1091 624 1156 in
646 1091 752 1157 varias
774 1090 896 1156 formas
915 1090 1097 1170 criminum,
1114 1088 1264 1174 neglectu
1288 1092 1424 1157 manda·

330 1204 441 1262 torum
463 1195 661 1274 caelestium,
676 1204 711 1261 et
730 1214 858 1260 morum
880 1193 1098 1279 probabilium
1110 1191 1139 1233 ¹³
1154 1195 1426 1282 transgressione,

330 1300 459 1376 cecidit,
480 1299 673 1366 humiliatus
692 1309 792 1384 atque
817 1306 1008 1384 prostratus,
1029 1297 1222 1384 prophetica
1243 1300 1287 1364 ad
1310 1300 1422 1365 Deum

329 1423 412 1469 voce
437 1403 570 1484 clamat,
591 1403 714 1480 dicens,
736 1401 883 1482 Peccavi,
906 1402 1009 1487 impie
1031 1402 1093 1487 egi,
1115 1402 1323 1487 iniquitatem
1348 1404 1423 1479 ieci,

332 1509 488 1586 miserere
505 1508 580 1581 mei,
597 1507 752 1586 Domine,
766 1500 991 1592 evangelicam
1004 1526 1121 1572 vocem
1136 1526 1203 1571 non
1217 1507 1423 1573 imstratoria

331 1631 411 1676 aure
424 1612 566 1697 capiens,
581 1610 675 1678 Beati
690 1611 747 1695 qui
760 1610 884 1695 lugent,
899 1610 1056 1694 quoniam
1076 1610 1139 1694 ipsi
1157 1611 1423 1677 consolabuntur.

333 1715 550 1782 Manducavit
561 1711 598 1794 ¹⁴,
619 1714 705 1780 sicut
724 1714 884 1798 scriptum
907 1722 966 1792 est,
988 1734 1108 1798 panem
1131 1714 1265 1794 doloris,
1282 1715 1424 1781 lacrimis

331 1827 474 1885 stratum
495 1818 622 1903 rigavit,
637 1838 695 1885 cor
716 1838 812 1883 suum
834 1817 936 1895 luctu,
950 1837 1070 1901 corpus
1091 1816 1211 1884 afflixit
1232 1818 1369 1898 ieiuniis,
1387 1826 1424 1884 ut

332 1923 463 1988 animae
477 1920 558 1988 'suae
572 1920 730 2004 reciperet
744 1941 846 2005 quam
862 1919 1050 2005 perdiderat
1060 1920 1246 1986 sanitatem.
1279 1922 1424 1988 Unicum

332 2028 444 2112 itaque
458 2033 509 2091 est
524 2024 748 2112 poenitentiae
762 2025 963 2109 suffragium,
974 2024 1065 2109 quod
1080 2035 1114 2090 et
1128 2025 1265 2111 singulis
1279 2028 1424 2110 prodest,

331 2139 368 2197 et
377 2130 530 2197 omnibus
541 2131 760 2194 incommune
770 2129 939 2194 succurrit.
984 2128 1049 2193 Hic
1064 2148 1151 2213 ergo,
1165 2130 1247 2194 dum
1255 2131 1299 2197 ad
1309 2131 1424 2214 poeni·

331 2235 455 2300 tudinis
470 2233 633 2299 actionem
655 2233 758 2298 tantis
780 2231 946 2298 excitatur
968 2232 1139 2318 exemplis,
1160 2233 1223 2298 sub
1245 2241 1423 2319 conspectu

331 2338 574 2423 ingemiscentis
599 2336 766 2413 ecclesiae,
787 2335 982 2402 venerabilis
1004 2333 1166 2420 pontifex,
1186 2346 1388 2420 protestatur
1397 2336 1424 2376 ¹⁶

332 2451 367 2507 et
395 2442 486 2519 dicit,
517 2441 711 2524 Iniquitates
741 2460 831 2504 meas
861 2459 924 2522 ego
957 2459 1103 2525 agnosco
1113 2438 1139 2480 ¹⁰
1162 2471 1174 2496 ι
1199 2448 1234 2506 et
1263 2441 1422 2506 delictum
1439 2468 1499 2524 550

334 2564 446 2609 meum
464 2552 577 2610 contra
593 2562 648 2608 me
667 2554 718 2610 est
734 2563 874 2627 semper.
917 2541 1044 2607 Averte
1060 2540 1177 2608 faciem
1197 2552 1289 2608 tuam
1309 2564 1330 2609 a
1347 2565 1424 2629 pec-

335 2649 419 2714 catis
434 2647 525 2724 meis,
542 2647 697 2726 Domine,
709 2654 743 2712 et
753 2665 868 2711 omnes
884 2646 1075 2730 iniquitates
1087 2666 1178 2712 meas
1192 2647 1276 2712 dele.
1307 2647 1426 2713 Redde

335 2750 417 2817 mihi
439 2751 598 2816 laetitiam
622 2749 774 2815 salutaris
797 2749 856 2828 tui,
879 2757 914 2815 et
936 2749 1053 2834 spiritu
1078 2748 1247 2835 principali
1268 2750 1427 2816 confirma

336 2874 400 2919 me.
432 2880 435 2886 ·
456 2852 534 2938 Quo
559 2853 606 2917 ita
630 2852 845 2937 supplicante,
873 2860 908 2917 et
931 2852 1184 2918 misericordiam
1212 2853 1276 2919 Dei
1302 2853 1427 2920 afflicto

337 2957 436 3022 corde
453 2966 618 3039 poscente,
634 2957 820 3040 redintegra
842 2956 875 3020 in
895 2975 946 3033 eo,
960 2955 1143 3041 apostolice
1162 2957 1322 3042 pontifex,
1336 2959 1426 3041 quic·

336 3061 418 3143 quid
455 3059 589 3126 diabolo
616 3059 791 3124 scindente
800 3056 826 3097 ¹⁷
856 3070 1047 3142 corruptum
1083 3066 1143 3138 est,
1170 3070 1205 3125 et
1239 3061 1427 3126 orationum

336 3172 469 3229 tuarum
487 3162 769 3247 patrocinantibus
787 3161 921 3237 meritis,
937 3183 996 3246 per
1013 3160 1144 3227 divinae
1157 3163 1428 3229 reconciliationis

337 3267 477 3350 gratiam
499 3266 552 3332 sac
572 3264 742 3330 hominem
761 3266 951 3348 proximum
976 3265 1060 3343 Deo,
1075 3265 1189 3350 utqui
1208 3275 1285 3330 ante
1304 3268 1337 3332 in
1360 3268 1427 3333 suis

337 3369 605 3455 perversitatibus
629 3369 834 3454 displicebat,
860 3388 945 3434 nunc
975 3368 1041 3433 iam
1065 3368 1193 3451 placere
1215 3390 1252 3435 se
1280 3370 1428 3437 Domino

338 3476 372 3540 in
394 3475 529 3559 regione
549 3475 698 3539 vivorum
708 3472 743 3551 ²⁸,
765 3474 896 3539 devicto
920 3474 1036 3539 mortis
1061 3494 1141 3538 suae
1161 3482 1295 3540 auctore
1316 3485 1429 3558 gratu·

336 3579 432 3644 letur.
477 3577 539 3644 Per
552 3577 742 3643 Dominum

379 3681 536 3748 Posthac
551 3681 741 3747 admonetur
760 3679 800 3744 ab
817 3679 953 3763 episcopo
970 3680 1039 3744 sive
1058 3679 1099 3744 ab
1120 3679 1185 3746 alio
1205 3681 1376 3763 sacerdote,
1392 3691 1431 3747 ut

336 3785 424 3870 quod
427 3784 617 3870 poenitendo
630 3784 736 3864 diluit,
753 3782 903 3850 iterando
921 3805 985 3849 nort
1004 3792 1135 3849 revocet.
1177 3784 1262 3851 Inde
1280 3807 1355 3852 vero
1369 3786 1431 3852 lias

336 3890 418 3955 dicit
429 3891 588 3956 oratrbrtes
601 3887 748 3954 sacerdos
760 3898 857 3972 super
869 3906 950 3953 rum.

381 3994 514 4061 Adesto
530 3993 674 4060 Domine
688 3991 984 4077 supplicationibus
998 3991 1129 4072 nostris,
1138 4001 1173 4058 et
1187 4011 1241 4057 me
1256 3993 1312 4078 qui
1328 3995 1429 4060 etiam

228 4121 234 4136 ·
281 4120 287 4134 ·
331 4098 593 4163 vmisericordiam
608 4107 701 4162 tuam
712 4095 739 4136 ¹⁰
755 4096 881 4181 primus
896 4096 1029 4180 indigeo
1047 4096 1225 4162 clementer
1246 4099 1378 4178 exaudi,
1393 4108 1432 4164 ut

336 4222 438 4286 quem
450 4198 477 4241 ²⁰
494 4221 560 4266 nou
582 4200 744 4266 electione
755 4195 780 4240 ²¹
800 4199 908 4264 meriti
931 4199 990 4265 sed
1011 4200 1101 4264 dono
1121 4201 1247 4284 gratiae
1260 4211 1338 4266 tuae
1353 4222 1431 4267 con-

338 4305 473 4372 stituisti
495 4305 604 4389 operis
624 4304 722 4369 huius
744 4304 949 4382 ministrum
971 4304 1016 4369 da
1037 4302 1191 4368 fiduciam
1217 4306 1274 4370 tuiw
1289 4306 1431 4370 muneris

340 4410 534 4493 exequendi,
551 4417 586 4474 et
607 4408 678 4491 ipse
701 4408 735 4472 in
758 4416 871 4473 nostro
892 4407 1073 4473 ministerio
1089 4409 1179 4492 quod
1201 4421 1279 4474 tuae
1298 4409 1431 4495 pietatis

343 4522 394 4578 est
408 4532 550 4597 operare.
595 4510 664 4576 Per
679 4538 700 4595 γ

161 4634 189 4686 S.
387 4617 519 4682 Praesta
547 4635 746 4701 quaesumus
777 4614 923 4682 Domine
951 4614 1027 4680 huic
1057 4614 1182 4682 famulo·
1209 4627 1268 4682 tuo
1293 4617 1432 4702 dignum

162 4696 291 4765 ⁶“b··⁶⁹
343 4721 563 4806 poenitentiae
591 4718 744 4798 fructum,
773 4729 811 4785 ut
840 4720 998 4786 ecclesiae
1025 4728 1103 4786 tuae
1127 4731 1268 4801 sanctae,
1294 4744 1316 4788 a
1340 4722 1432 4788 cuius
