3352 5828
679 823 908 882 APPENDIX.

580 986 669 1048 Fers’a
689 990 724 1048 ui
739 990 781 1048 od
798 986 831 1050 S.
853 987 1013 1048 Eusebium.

350 1102 431 1164 Deus
452 1103 503 1182 qui
523 1103 717 1165 ineffabilibus
733 1104 877 1165 mundum

351 1201 389 1264 Ο.
410 1220 433 1262 s
453 1201 491 1261 D.
511 1203 561 1281 qui
581 1203 623 1265 sic
643 1202 795 1264 bominem
815 1202 972 1267 condidisti

349 1301 435 1362 Haec
456 1300 594 1363 sacrificia
614 1320 671 1364 nos
690 1321 719 1364 o.
740 1301 779 1363 D.
799 1302 910 1382 potenti

351 1398 436 1459 Haec
456 1418 512 1461 nos
532 1418 561 1479 q.
581 1398 657 1461 Dne.
677 1401 862 1479 participatio
882 1403 1055 1462 sacramenti

350 1496 462 1558 Adesto
481 1496 557 1558 Dne.
577 1497 692 1577 populis
712 1499 763 1578 qui
783 1516 866 1559 sacra

462 1655 583 1717 Sabbas
602 1657 642 1717 ud
659 1653 692 1720 S.
714 1656 903 1716 Laurmls'sm
925 1653 980 1740 [ad
998 1653 1146 1739 corpusq.

351 1770 432 1832 Dens
452 1772 585 1832 omnium
606 1772 868 1834 misericordiarum

351 1869 419 1930 Tua
439 1888 494 1932 nos
513 1869 590 1932 Dne.
611 1871 705 1950 gratia
725 1880 755 1932 et
774 1870 883 1933 sanctis
904 1880 1038 1933 exerceat

351 1967 554 2030 oblationibus
574 1987 604 2047 q.
623 1968 700 2030 Dne.
721 1969 837 2048 placare
857 1970 999 2048 susceptis

351 2065 420 2127 Tua
440 2085 496 2127 nos
515 2085 545 2146 q.
568 2066 644 2127 Dne.
666 2077 767 2129 sancta
786 2067 941 2147 purificent
960 2077 990 2128 et
1009 2067 1177 2146 operatione

351 2164 471 2226 Plebem
491 2176 573 2226 usam
593 2165 669 2226 Dne.
689 2183 718 2244 q.
740 2167 859 2227 interius
879 2167 1063 2246 exteriusque

330 2319 388 2381 Die
408 2319 569 2382 Domsiu’cu.
611 2321 704 2382 Statio
723 2323 765 2381 ad
782 2318 815 2384 S.
838 2321 958 2382 Petram
979 2319 1030 2401 (R.
1051 2321 1123 2383 adds
1144 2321 1200 2382 Εὐ.
1220 2321 1260 2402 s).

352 2436 392 2511 Q.
412 2455 441 2498 o.
462 2436 501 2496 D.
521 2437 662 2498 familiam
681 2446 763 2514 tuam
782 2437 923 2517 propitius
946 2437 1057 2515 respice

353 2536 437 2597 Deus
457 2537 508 2614 qui
528 2537 710 2615 sperantibus
730 2535 761 2595 in
781 2545 809 2597 te
830 2536 959 2597 misereri

353 2633 480 2695 Munera
499 2651 556 2696 nos
575 2633 652 2694 Dne.
673 2653 701 2714 q.
722 2633 820 2696 oblata
839 2633 992 2712 purificent

354 2732 422 2794 VD.
445 2732 631 2794 Maiestatem
650 2742 731 2792 tuam
750 2731 924 2811 propensius
943 2732 1130 2811 implorantes
1212 2745 1215 2751 ·

356 2830 537 2892 Sacramenti
557 2831 599 2890 tui
619 2849 649 2909 q.
670 2828 746 2890 Dne.
767 2829 968 2909 participatio’

355 2928 404 2990 Da
424 2930 509 2990 nobis
530 2948 558 3009 q.
581 2928 656 2990 Dne.
679 2939 912 3010 perseverantem

414 3085 505 3146 Γαῖα
526 3089 553 3146 s's‘
569 3088 609 3146 ad
627 3086 659 3148 S.
683 3086 890 3166 Chn'sogmm
909 3085 960 3164 (R.
981 3086 1053 3148 adds
1073 3087 1129 3149 Εὐ.
1152 3087 1190 3167 v).

357 3200 510 3261 Sanctifica
530 3219 559 3280 q.
580 3200 657 3262 Dne.
678 3213 779 3263 nostra
799 3202 906 3262 ieiunia

355 3285 467 3359 Adesto
488 3298 745 3378 supplicationibus
765 3299 871 3361 nostris
892 3317 919 3359 o.
941 3298 978 3359 D.
991 3308 1031 3369 ,et
1051 3300 1157 3378 quibus

355 3395 495 3459 Censen
516 3397 602 3457 nobis
623 3395 699 3457 Dne.
720 3415 750 3475 q.
771 3405 804 3456 ut
823 3396 896 3456 haec
916 3396 1011 3457 hostia

353 3493 466 3554 Adesto
487 3494 573 3554 nobis
594 3493 670 3553 Dne.
693 3492 731 3554 D.
752 3503 852 3554 noster
871 3503 901 3553 et
922 3511 998 3572 quos
1017 3494 1089 3553 tuis⁸

354 3590 527 3652 Benedictio
549 3590 624 3650 Dne.
645 3609 674 3670 q.
694 3591 725 3650 in
745 3599 812 3651 tuos
833 3588 932 3651 fideles

426 3745 517 3808 Fmb
538 3750 576 3806 s's'i
592 3748 633 3806 ad
651 3745 682 3807 S.
707 3747 860 3824 Cyrsbcum
880 3746 932 3825 (R.
953 3747 1027 3808 adds
1047 3748 1102 3808 Ed.
1123 3748 1172 3827 a).

354 3861 464 3925 Nostra
484 3864 535 3923 tibi
555 3881 583 3941 q.
604 3862 679 3924 Dne.
694 3863 764 3923 fiant
785 3876 908 3942 accepta

354 3961 550 4022 Afflictionern
571 3961 696 4020 familiae
716 3971 783 4021 tuae
804 3979 832 4040 q.
854 3961 930 4021 Dne.

336 4058 476 4120 sHostias
497 4058 549 4118 libi
569 4057 644 4118 Dne.
668 4057 827 4120 deferimus
847 4058 1060 4120 immolandas⁴

355 4155 916 4236 Daq.o.D.utquaedivinasunt

351 4254 457 4316 Libera
476 4254 552 4315 Dne.
574 4274 602 4334 q.
623 4274 641 4315 a
661 4255 789 4334 peccatis
809 4267 839 4316 et
859 4255 992 4317 hostibus

387 4412 478 4474 Fers'a
498 4416 529 4474 iv
548 4415 590 4473 ad
607 4412 640 4475 S.
660 4413 833 4475 Marcellum
855 4411 1042 4493 (Marcellus
1056 4412 1110 4474 Es.
1124 4434 1151 4474 v.
1163 4413 1221 4495 R).

358 4530 545 4591 Sanctificate
566 4531 621 4591 hoc
641 4530 751 4592 ieiunio
772 4529 809 4589 D.
832 4541 948 4591 tuorum
969 4530 1059 4591 corda

355 4627 468 4689 Ieiunia
488 4647 517 4707 q.
538 4628 615 4689 Dne.
636 4647 712 4707 qnae
733 4628 825 4689 sacas

356 4727 464 4786 Annue
485 4745 524 4786 m.
545 4727 583 4788 D.
605 4737 637 4787 ut
657 4727 769 4788 hostias
789 4727 962 4805 placationis

285 4887 367 4940 ²'l’be
383 4889 484 4941 Cbureh
500 4890 591 4941 known
607 4907 635 4941 as
651 4891 742 4942 ‘Foris
761 4889 866 4942 Muros.¹
900 4891 929 4941 R.
947 4891 1022 4942 omits
1041 4891 1082 4942 the
1099 4891 1182 4942 words
1197 4890 1222 4941 ln
1239 4889 1352 4942 brackets

252 4955 303 5005 end
316 4955 380 5004 adds
390 4955 438 5005 Es.
450 4955 503 5005 iiii.
953 5021 1021 5085 Μ

286 5020 454 5071 'Rbeathe
467 5021 831 5086 Postcorn.Adestenebis(see
844 5023 952 5136 ῦεὼῐ

286 5083 936 5150 ‘Rbuueroscomumneisu’peeoer
953 5087 1060 5154 pso).

286 5149 986 5218 ‘Koounotnuesgmitnswntniuoebus
