3352 5828
344 376 385 440 ¹4
628 366 756 424 LIBER
776 364 1163 424 SACRAMENTORUM
1353 361 1388 430 [l.
1397 376 1439 412 xv.

852 570 924 625 XV.

443 715 658 785 Ommouas
681 730 729 782 sn
752 729 890 783 rascas
913 730 1033 784 suasa
1055 711 1351 783 Ponmrannast

389 879 534 961 Exaudi,
560 881 717 960 Domine,
741 901 854 964 preces
876 890 1008 946 nostras
1038 890 1072 946 et
1095 878 1326 946 confitentium
1353 874 1445 942 tibi¹

345 1003 444 1068 parce
466 985 616 1069 peccatis,
630 993 668 1050 ut
689 1004 773 1068 quos
793 985 1014 1050 conscientiae
1036 991 1310 1062 reatusaccusat,
1330 980 1439 1047 indul·

344 1087 476 1173 gentiae
490 1097 566 1153 tuae
580 1087 746 1155 miseratio
760 1087 918 1154 absolvat
963 1087 1035 1154 Per.
1049 1113 1071 1172 γ

402 1208 594 1275 Praeveniat
622 1207 710 1274 hunc
734 1207 896 1274 famulum
921 1219 1028 1287 tuum,
1050 1227 1263 1294 quaesumus,
1286 1205 1440 1286 Domine,

346 1312 568 1378 misericordia
591 1320 657 1392 tua,
683 1312 741 1379 et¹
764 1333 880 1379 omnes
900 1313 1089 1398 iniquitates
1115 1313 1185 1378 eius
1210 1310 1315 1378 celeri
1332 1311 1439 1376 indul·

344 1417 460 1500 gentia
474 1416 654 1482 deleantur.
699 1415 762 1482 Per
776 1417 959 1484 Dominum
975 1427 1136 1484 nostrum.
1159 1443 1180 1500 γ

390 1536 531 1617 Adesto,
547 1538 700 1618 Domine,
715 1537 1009 1624 supplicationibus
1030 1537 1163 1618 nostris,
1177 1555 1238 1602 nec
1257 1538 1301 1602 sit
1318 1536 1441 1602 abhoc

345 1640 469 1706 famulo
496 1650 555 1706 tuo
583 1641 778 1707 clementiae
806 1651 883 1707 tuae
907 1638 1089 1725 longinqua
1118 1639 1295 1706 miseratio.
1351 1639 1442 1706 Sana

344 1741 501 1809 vulnera⁴
516 1744 650 1829 eiusque
659 1743 792 1810 remitte
800 1753 946 1829 peccata,
957 1753 995 1808 ut
1006 1743 1104 1808 nullis
1115 1763 1136 1807 a
1147 1754 1182 1809 te
1191 1774 1204 1800 ι
1213 1743 1441 1828 iniquitatibus
1455 1747 1516 1805 505

343 1858 525 1932 separatus,
539 1847 600 1913 tibi
615 1868 746 1932 semper
764 1849 937 1913 Domino⁶
951 1847 1062 1913 valeat
1075 1847 1263 1914 adhaerere
1310 1848 1380 1913 Per.
1396 1875 1417 1932 γ

389 1968 534 2034 Domine
549 1968 641 2035 Deus
656 1979 774 2048 noster,
792 1969 849 2055 qui
864 1967 1047 2035 offensione
1061 1969 1197 2035 nostra¹
1212 1989 1279 2034 non
1294 1968 1442 2047 vinceris,

343 2072 403 2138 sed
435 2073 676 2140 satisfactione¹
704 2073 855 2159 placaris,
885 2074 1017 2160 respice,
1047 2094 1256 2158 quaesumus,
1282 2075 1325 2138 ad
1352 2072 1442 2140 hunc

343 2176 504 2243 famulum
533 2185 638 2258 tuum,
659 2179 720 2262 qui
750 2199 786 2243 se
814 2178 876 2244 tibi
906 2197 1060 2262 peccasse
1088 2178 1232 2262 graviter
1254 2176 1442 2244 confitetur.

343 2281 456 2345 Tuum
472 2290 524 2346 est
538 2279 761 2348 ablutionem-¹
776 2282 948 2348 criminum
964 2281 1051 2360 dare,
1066 2291 1101 2346 et
1121 2280 1253 2374 veniam
1274 2290 1443 2364 praestare

344 2386 568 2468 peccantibus,
582 2386 639 2469 qui
658 2386 775 2452 dixisti
797 2386 1035 2470 poenitentiam
1055 2394 1090 2451 te
1110 2383 1210 2450 malle
1229 2396 1441 2469 peccatorum

344 2508 446 2572 quam
472 2499 623 2554 mortem.
669 2487 822 2555 Concede
839 2509 928 2574 ergo,
952 2487 1108 2567 Domine,
1131 2486 1195 2553 hoc
1227 2497 1265 2553 ut
1295 2487 1350 2554 et¹
1379 2490 1442 2554 tibi

345 2592 592 2676 poenitentiae¹
618 2592 776 2658 excubias
796 2591 948 2671 celebret,
964 2600 998 2657 et
1007 2590 1034 2630 ¹⁰
1054 2592 1208 2657 correctis
1225 2592 1355 2658 actibus
1373 2594 1442 2659 suis

345 2695 485 2761 conferri
500 2694 562 2760 sibi
576 2717 597 2761 a
611 2704 646 2761 te
659 2697 859 2782 sempiterna
873 2695 995 2780 gaudia
1009 2695 1194 2779 gratuletur
1203 2693 1239 2758 ¹¹.
1284 2696 1357 2762 Per.
1371 2721 1394 2780 γ

390 2815 520 2893 Precor,
536 2815 690 2892 Domine,
706 2815 916 2882 clementiam
936 2825 1016 2881 tuae
1036 2814 1219 2880 maiestatis
1234 2835 1273 2879 ac
1289 2817 1442 2893 nominis,

346 2919 470 2986 uthuic
481 2917 605 2985 famulo
616 2929 675 2985 tuo
685 2930 821 3002 peccata
830 2928 864 2985 et
874 2918 1019 2984 facinora
1030 2940 1089 2984 sua
1097 2917 1268 2984 confitenti
1279 2919 1443 2985 veniam¹¹

346 3024 437 3102 dare,
448 3031 483 3087 et
493 3024 743 3106 praeteritorum
755 3024 928 3088 criminum
943 3017 1087 3109 [debita]
1093 3019 1120 3059 ¹³
1129 3020 1278 3087 relaxare
1287 3023 1442 3106 digneris.

347 3125 415 3209 Qui
441 3123 587 3190 humeris
608 3126 675 3190 tuis
699 3147 796 3191 ovem
819 3126 983 3211 perditam
1006 3123 1167 3189 reduxisti
1187 3125 1230 3188 ad
1251 3125 1371 3205 caulas,
1385 3128 1443 3210 qui

346 3228 515 3313 publicani
545 3228 696 3312 precibus
720 3230 772 3294 vel
799 3229 1001 3295 consessione
1025 3228 1177 3313 placatus
1201 3249 1244 3308 es,
1269 3239 1306 3294 tu
1332 3231 1443 3307 etiam,

348 3332 504 3409 Domine,
528 3341 562 3396 et
587 3331 664 3397 huic
688 3330 812 3398 famulo
841 3341 899 3398 tuo
929 3331 1068 3418 placare,
1099 3341 1136 3396 tu
1167 3329 1274 3396 eius¹⁴
1292 3333 1443 3416 precibus

346 3437 508 3520 benignus
547 3437 685 3516 assiste3
724 3448 762 3502 ut
800 3438 834 3501 in
867 3436 1070 3502 confessione
1110 3435 1212 3501 flebili
1246 3455 1448 3519 permanens

346 3539 558 3605 clementiam
595 3548 687 3604 tuam
717 3539 865 3606 celeriter
893 3549 1020 3618 exoret,
1054 3547 1089 3603 et
1119 3540 1241 3605 sanctis
1270 3558 1309 3604 ac
1341 3541 1442 3605 sacris

346 3640 542 3708 altaribus¹⁵
571 3643 749 3721 restitutus,
787 3643 858 3727 spei
894 3662 1004 3708 rursus
1040 3652 1193 3707 aeternae
1228 3652 1263 3707 et
1293 3642 1442 3709 caelestis

345 3745 472 3830 gloriae
481 3744 508 3786 ¹⁸
523 3743 728 3812 reformetur.
773 3747 845 3812 Per.

379 3898 389 3928 ¹
405 3899 431 3950 S.
450 3899 496 3950 has
512 3898 582 3950 these
597 3915 697 3964 prayers
714 3915 731 3949 a
752 3915 781 3950 er
800 3900 843 3951 the
865 3899 985 3950 directior
1002 3897 1133 3950 contained
1149 3899 1175 3950 iu
1191 3901 1284 3951 secfiou
1301 3901 1342 3952 xvi
1358 3899 1439 3966 infra.

346 3964 425 4015 'tibi
437 3964 609 4032 confitentium
626 3965 697 4016 Pam.
740 3981 795 4026 en.;
817 3966 849 4015 V.
860 3965 886 4018 S.
897 3972 995 4017 astent.
1091 3963 1149 4016 ’ut
1165 3966 1258 4030 (foret)
1272 3965 1345 4018 Pam
1357 3966 1441 4028 Men3

347 4030 381 4081 V.
393 4031 419 4082 S.
430 4046 458 4081 as
469 4035 529 4080 text
627 4029 637 4061 ¹
655 4031 838 4082 vulnerarem
852 4031 922 4081 Pam.
1021 4030 1032 4062 ¹
1050 4029 1099 4079 riti
1107 4031 1360 4097 Domimssmpers¹
1370 4032 1441 4083 Pam.

347 4095 433 4156 Men.;
452 4095 486 4148 V.
502 4093 529 4145 S¹
546 4111 574 4146 as
589 4102 649 4148 text.
731 4094 913 4163 ‘fferrsrbnem
929 4101 1041 4146 nostram
1057 4132 1064 4146 .
1083 4132 1089 4146 .
1108 4131 1116 4146 .
1132 4094 1323 4161 satisfactionem
1339 4098 1371 4148 V.
1384 4099 1440 4158 (un-

347 4159 573 4254 grammaticallffl
589 4160 614 4211 S.
626 4162 696 4211 Pam.
708 4161 776 4211 Men
784 4178 813 4212 as
824 4169 884 4213 text.
981 4159 991 4190 ¹
1007 4160 1183 4211 absdutionem
1193 4161 1233 4223 S.;
1251 4162 1283 4211 V.
1292 4162 1361 4213 Pam.
1370 4162 1440 4213 Men.

347 4242 376 4277 as
386 4233 446 4277 text.
553 4227 623 4278 Pam.
635 4227 702 4278 Meu.
716 4227 780 4277 omit
789 4233 821 4278 at.
912 4224 1112 4291 'poenaentram
1124 4226 1157 4278 V.
1169 4227 1441 4293 (ungrammatiedlyn

349 4291 375 4342 S.
393 4292 462 4342 Pam.
479 4290 549 4342 Men.
566 4307 594 4341 as
610 4298 669 4342 text.
780 4290 801 4320 ²⁰
821 4299 853 4343 ut
870 4293 921 4356 (ior
936 4294 972 4354 et)
989 4291 1035 4351 8¹3
1061 4291 1094 4342 V.
1113 4290 1142 4342 S¹
1157 4291 1225 4342 Pam.
1246 4292 1313 4343 Men.
1333 4309 1361 4343 as
1379 4301 1441 4345 text.

348 4355 368 4400 ¹¹
383 4357 495 4422 conferre
504 4356 554 4406 τῶι·
561 4356 596 4406 ad
603 4362 627 4406 te
636 4357 784 4422 semproni
789 4357 887 4421 gaudia
898 4357 1033 4407 celebretur
1041 4357 1073 4407 V.
1084 4371 1091 4416 ς
1106 4356 1217 4421 cansam
1226 4357 1277 4406 sia·
1284 4363 1343 4408 ante
1352 4357 1441 4423 sempi-

348 4422 421 4471 terni
429 4422 527 4486 gaudia
554 4456 623 4473 .....
625 4421 696 4486 ]etur
707 4421 751 4479 s¹;
776 4421 806 4472 S¹
818 4422 888 4472 Pam.
901 4422 970 4473 Men.
982 4437 1010 4472 as
1020 4429 1078 4474 text
1173 4419 1194 4453 ²¹
1211 4422 1312 4472 ventam
1328 4423 1444 4473 relaxari

349 4488 400 4550 (ior
409 4488 535 4549 relaxare)
563 4487 588 4546 ¹3
604 4488 706 4537 mnsam
717 4487 862 4538 deluimus
874 4486 911 4539 8¹.
987 4485 1006 4516 ¹³
1021 4487 1109 4548 debita,
1121 4487 1225 4538 omitted
1238 4490 1270 4552 by
1280 4487 1312 4539 V.
1324 4487 1349 4538 S
1361 4503 1442 4539 seems

347 4552 460 4668 ffiqwffl
470 4563 512 4669 ttgx
508 4553 631 4670 ctomplete
635 4552 842 4668 ffetoenoelismagt
840 4552 1006 4669 mahein.
998 4554 1061 4603 from
1072 4556 1140 4605 Men.
1168 4551 1442 4671 &21:1th

378 4634 418 4669 eu.
669 4634 682 4667 e
702 4634 762 4668 sanc
1018 4636 1025 4679 ;
1047 4635 1075 4670 ac
1090 4634 1169 4670 sacrus
1435 4637 1442 4679 ς

348 4683 380 4734 V.
391 4683 418 4733 S¹
430 4699 458 4733 as
468 4690 528 4735 text.
595 4683 613 4715 ¹¹
628 4684 726 4735 caelesti
731 4685 828 4750 glareae
839 4685 923 4743 Mena
940 4686 971 4736 V.
986 4684 1011 4736 S.
1024 4700 1051 4735 as
1062 4691 1123 4736 text.
