3352 5828
281 800 329 852 ru.
342 799 464 866 mus]
594 799 808 857 ROMANAE
828 798 1073 858 accursus.
1315 811 1376 878 243

784 1069 861 1126 xx.

634 1199 730 1265 Isau
753 1214 844 1266 nus
867 1201 986 1267 Mrsss
997 1200 1019 1264 ¹.

323 1334 540 1418 Quaesumus,
552 1338 762 1421 omnipotens
774 1338 877 1417 Deus,
889 1350 925 1405 ut
938 1338 1033 1424 plebs
1048 1348 1106 1405 tua
1117 1347 1190 1404 toto
1201 1339 1261 1405 tibi
1276 1341 1376 1405 corde
1400 1346 1427 1397 S·

279 1438 466 1503 deserviens
497 1449 531 1504 et
559 1440 718 1506 beneficia
751 1451 810 1507 tua
841 1442 961 1527 iugiter
991 1450 1155 1508 mereatur
1183 1453 1219 1508 et
1248 1463 1375 1527 pacem.
1402 1411 1547 1542 ffi'ffl

281 1541 352 1605 Per.
375 1566 396 1624 γ

324 1662 480 1728 Miserere
510 1665 621 1743 nostri,
653 1665 754 1746 Deus,
780 1676 816 1732 et
842 1675 921 1732 tuae
950 1667 1047 1732 nobis
1077 1666 1211 1751 pietatis
1240 1666 1428 1733 effectuss

279 1768 408 1848 potenti
426 1768 573 1834 bonitate
588 1769 715 1855 largire.
763 1770 835 1834 Per.
1404 1737 1482 1789 cers.
1495 1749 1552 1800 ²³¹·

754 1960 901 2021 semem

324 2070 471 2154 Suscipe,
506 2072 660 2150 Domine,
689 2070 923 2156 quaesumus‘,
960 2072 1103 2138 hostiam
1143 2073 1379 2158 redemptionis
1403 2073 1430 2124 S·

281 2174 456 2253 humanae,
485 2185 519 2238 et
548 2175 687 2241 salutem
719 2177 815 2241 nobis
848 2178 970 2242 mentis
1000 2186 1035 2242 et
1064 2177 1211 2260 corporis
1241 2197 1380 2261 operare
1405 2139 1551 2267 693ᾞῖ6361

280 2277 429 2362 placatus
439 2277 464 2339 ⁸.
510 2279 578 2343 Per.
601 2306 622 2361 γ

699 2374 948 2430 Postoommnn.

323 2485 389 2550 Tui
416 2487 523 2562 nobis,
547 2487 701 2565 Domine,
726 2487 917 2553 communio
942 2486 1141 2552 sacramenti
1167 2497 1202 2552 et
1227 2485 1380 2570 purifica·
1405 2490 1543 2569 Κςσίῐῡί)

281 2589 408 2655 tionem
422 2591 564 2656 conferat
581 2601 614 2656 et
629 2592 754 2657 tribuat
769 2592 941 2656 unitatem.
988 2591 1060 2655 Per.
1084 2618 1104 2673 γ
1405 2559 1554 2684 {mgis

315 2751 325 2782 ²
341 2751 396 2802 The
414 2759 466 2802 two
483 2751 595 2803 Collecti
611 2753 661 2802 and
680 2753 764 2804 Secret
777 2752 806 2802 oi
822 2754 873 2802 thia
888 2754 969 2803 Missa
986 2768 1028 2802 are
1045 2753 1175 2803 mutam
1191 2752 1217 2803 ln
1234 2768 1280 2804 one
1297 2753 1330 2803 oi
1339 2753 1381 2804 the

283 2817 378 2867 Musae
387 2819 412 2868 ln
424 2818 449 2868 S.
462 2817 543 2868 which
555 2818 585 2868 R.
597 2818 678 2870 omits.
729 2816 740 2846 ⁸
755 2834 906 2884 wmarus
918 2819 1026 2868 Domine
1038 2819 1112 2869 Geth
1124 2818 1193 2870 Pam.
1244 2817 1254 2847 ²
1266 2819 1382 2885 placatur

283 2890 382 2948 operare
394 2881 421 2933 S'
432 2883 523 2944 Gerh3
541 2883 571 2934 V.
584 2881 610 2934 S¹
623 2883 691 2933 Pam.
703 2891 799 2934 aatext.

778 3156 874 3212 m

637 3285 735 3350 Innu
759 3299 850 3350 snm
873 3284 989 3349 Mrssn
1004 3282 1026 3347 ¹.

326 3423 420 3506 Rege
441 3432 581 3502 nostras,
600 3424 754 3501 Domine,
769 3421 932 3505 propitius
950 3420 1149 3497 voluntates,
1165 3431 1203 3487 ut
1220 3442 1280 3487 nec
1301 3442 1378 3506 pro·
1403 3436 1428 3488 s

280 3528 361 3610 priis
376 3527 602 3611 iniquitatibus
616 3525 827 3609 implicentur
839 3545 901 3590 nec
916 3526 1099 3590 subdantur
1109 3525 1233 3590 alienis.
1272 3525 1344 3591 Per.
1357 3550 1379 3608 γ
1404 3501 1480 3618 ffi
1486 3514 1550 3631 ,ζῖξ

324 3699 380 3763 Da
401 3697 533 3763 famulis
553 3698 627 3775 tuis,
643 3697 745 3772 Deus,
759 3695 1001 3781 indulgentiam
1025 3706 1248 3780 peccatorum,
1262 3715 1379 3761 conso-
1403 3633 1473 3760 guen.
1488 3644 1543 3698 ¹⁹⁷⁰

283 3801 440 3869 lationem
469 3802 566 3881 vitae,
595 3801 936 3885 gubernationemque
972 3809 1178 3886 perpetuam,
1213 3821 1280 3885 qua
1316 3800 1379 3866 tibi
1405 3775 1474 3827 (Μ’

281 3905 420 3971 fideliter
434 3906 622 3984 servientes,
637 3906 680 3970 ad
695 3915 789 3971 tuam
805 3905 925 3990 iugiter
937 3905 1194 3970 misericordiam
1209 3906 1381 3988 pervenire

283 4019 478 4074 mereantur.
525 4008 595 4072 Per.

1475 3787 1550 3839 aar.

752 4103 901 4160 Secreta.

325 4217 401 4282 Tua
423 4224 627 4281 sacramenta
650 4235 719 4290 nos,
745 4215 848 4296 Deus,
871 4215 1112 4299 circumtegant
1136 4224 1171 4280 et
1194 4214 1381 4296 reforment,
1405 4231 1432 4283 s

282 4320 445 4403 simulque
454 4320 550 4385 nobis
563 4316 960 4402 temporate²remedium
973 4319 1144 4386 conserant
1155 4328 1189 4384 et
1200 4329 1380 4386 aeternum.
1406 4296 1482 4347 ω
1496 4311 1551 4362 ²³¹·

1405 4362 1476 4414 Pam.
1487 4362 1545 4427 416.

283 4424 354 4489 Per.
376 4449 397 4507 γ

702 4519 952 4575 Postuommun

324 4631 398 4696 Tua
414 4642 527 4697 sancta
545 4631 648 4710 nobis,
662 4632 873 4715 omnipotens
893 4632 994 4706 Deus,
1011 4651 1097 4715 quae
1116 4631 1327 4713 sumpsimus,
1345 4641 1379 4696 et
1404 4641 1430 4692 S.

281 4735 522 4820 indulgentiam
541 4736 729 4818 praebeant,
744 4745 779 4802 et
797 4735 961 4801 auxilium
980 4743 1161 4820 perpetuae
1178 4735 1380 4801 defensionis
1404 4707 1480 4822 ᾖ
1487 4719 1547 4835 ,²3⁶¹

281 4839 486 4923 impendant.
531 4839 592 4902 Per
607 4838 800 4904 Dominum.
823 4863 844 4921 γ

312 4996 322 5025 ¹
340 5000 402 5050 'i'his
414 5000 497 5049 Missa
508 5000 530 5050 is
540 5000 624 5050 absent
635 5000 698 5050 irorn
709 4999 740 5050 R
751 4999 802 5049 and
817 5000 840 5048 ia
854 4999 956 5050 marked
970 4998 1130 5065 accordingly
1142 5001 1175 5064 by
1185 4999 1276 5051 Germ:
1294 4999 1338 5050 but
1348 4999 1380 5050 lte

279 5064 341 5115 does
358 5072 401 5115 not
418 5072 482 5115 state
498 5065 606 5115 whether
621 5064 652 5116 lte
668 5064 783 5130 employa
800 5065 825 5115 S
839 5081 869 5115 or
883 5066 914 5115 T.
929 5076 956 5116 to
973 5066 1066 5115 mmuh
1083 5066 1121 5114 hia
1136 5073 1196 5115 text.
1293 5064 1304 5093 ¹
1320 5072 1380 5115 uua-

273 5132 385 5194 pmlern
398 5130 429 5182 V.

800 5229 860 5278 Ra
