3352 5828
289 394 328 459 80
572 403 702 462 LIBER
723 403 1109 463 SACRAMENTORUM
1281 402 1316 472 [l.
1328 402 1385 456 xiil.

352 567 475 652 Agnus
492 569 568 648 Dei,
584 569 641 652 qui
657 568 745 635 tollis
763 578 900 653 peccata
915 568 1037 646 mundi,
1053 569 1214 635 miserere.
1259 569 1388 636 Deinde

353 671 518 739 venum¹²
534 672 782 740 archidiaconus
795 684 872 738 ante
885 672 1000 752 altare,
1011 670 1200 757 mapumm
1211 672 1250 738 de
1263 675 1388 739 lumine

353 775 442 859 qnod
468 778 505 843 vi
519 778 618 860 serris
643 778 831 843 absconsum
845 779 931 862 suit,
946 773 1111 861 saciens¹²
1139 798 1265 843 crucem
1293 787 1389 861 uper

354 886 487 961 cere'rcm,
505 891 539 947 et
559 879 790 948 illuminans¹²
804 903 886 959 mm,
903 892 937 947 et
955 880 1127 965 completur
1147 881 1188 948 ab
1209 883 1277 965 ipso
1298 881 1387 946 bene·

355 984 455 1051 dicito
474 986 566 1051 cerei.

168 1165 175 1181 ⁸
335 1087 438 1167 Deus,
454 1088 569 1155 mundi
584 1089 745 1169 conditor,
760 1098 875 1155 auctor
885 1088 1025 1167 luminis,
1039 1088 1183 1155 siderum
1199 1089 1387 1165 fabricator,

159 1233 167 1247 ·
292 1190 385 1258 Deus
414 1193 472 1278 qui
501 1193 664 1260 iacentem
699 1194 859 1259 mundum
883 1194 916 1259 in
946 1194 1087 1260 tenebris
1117 1194 1190 1259 luce
1215 1194 1389 1280 perspicua

180 1299 186 1313 '
290 1297 450 1379 retexisti,
462 1297 555 1364 Deus
570 1319 631 1383 per
645 1319 742 1382 quem
758 1298 914 1364 ineffabili
929 1298 1079 1383 potentia
1094 1299 1241 1364 omnium
1257 1298 1389 1365 claritas

291 1403 434 1486 sumpsit
459 1403 645 1481 exordium,
671 1412 705 1468 te
726 1403 758 1469 in
781 1403 847 1468 tuis
869 1402 1022 1487 operibus
1045 1403 1245 1482 invocantes,
1268 1404 1302 1468 in
1326 1403 1389 1470 hac

291 1506 515 1572 sacratissima
543 1507 651 1573 noctis
679 1507 790 1593 vigilia
818 1507 862 1572 de
891 1508 988 1573 donis
1017 1509 1084 1574 tuis
1116 1526 1247 1574 cereum
1257 1505 1284 1546 ¹³
1311 1518 1390 1573 tuae

290 1609 481 1694 suppliciter
503 1610 672 1678 offerimus
695 1612 867 1689 maiestati,
890 1631 956 1677 non
979 1612 1077 1696 adipe
1094 1611 1200 1679 earnis
1215 1611 1389 1696 pollutum,

292 1734 360 1779 non
370 1711 398 1753 ¹⁴
419 1713 558 1799 profana
581 1714 734 1782 unctione
755 1716 917 1797 vitiatum,
940 1736 1006 1781 non
1028 1714 1189 1800 sacrilego
1211 1715 1288 1800 igne
1311 1735 1389 1782 con-

292 1819 498 1898 tactum,sed
513 1839 596 1898 cera,
606 1818 690 1897 oleo,
701 1829 804 1903 atque
818 1840 949 1906 papyro
958 1818 985 1859 ¹⁶
999 1829 1224 1886 constructum
1235 1818 1273 1900 ¹⁸,
1288 1819 1322 1885 in
1340 1821 1389 1885 tui

291 1921 433 1987 nominis
450 1923 577 1989 honore
585 1920 612 1962 ¹⁷
627 1943 829 2005 succensum,
844 1924 1002 2008 obsequio
1015 1924 1188 2010 religiosae
1202 1925 1391 1990 devotionis

290 2024 470 2094 offerimus.
516 2026 680 2114 Magnum
717 2028 816 2113 igitur
853 2028 1056 2112 mysterium,
1086 2037 1121 2101 et
1153 2028 1261 2096 noctis
1292 2028 1390 2095 huius

291 2129 442 2196 mirabile
463 2142 719 2211 sacramentum,
741 2133 850 2217 dignis
872 2152 1004 2198 necesse
1026 2140 1077 2197 est
1099 2130 1252 2198 laudibus
1275 2152 1390 2199 eumu-

291 2234 351 2299 lari
359 2232 394 2300 ¹⁸.
438 2234 476 2299 ln
492 2255 560 2320 quo
576 2236 773 2302 Dominicae
788 2236 1032 2302 resurrectionis
1047 2236 1207 2304 miraculo
1222 2237 1310 2302 diem
1326 2237 1390 2304 sibi

289 2338 515 2404 introductum
540 2339 697 2406 tenebrae
716 2341 917 2407 inveteratae
938 2350 1118 2420 senserunt,
1134 2349 1168 2406 et
1191 2361 1280 2406 mors
1302 2361 1390 2424 quae

290 2443 371 2510 olim
394 2443 502 2511 suerat
525 2452 662 2511 aeterna
687 2454 784 2510 nocte
808 2444 974 2520 damnata,
1002 2444 1126 2510 inserto
1154 2445 1222 2510 veri
1253 2441 1392 2528 fulgoris

291 2548 417 2614 lumine
427 2546 462 2627 ¹⁹,
476 2548 644 2633 captivam
661 2568 697 2612 se
714 2546 801 2613 trahi
820 2547 1003 2614 DomInicis
1017 2547 1193 2633 triumphis
1208 2546 1392 2632 obstupuit,

292 2649 362 2718 etl⁰
394 2653 484 2736 quod
516 2651 762 2737 praevaricante
799 2648 1049 2736 primoplasto²l
1082 2652 1259 2716 tenebrosa
1296 2671 1390 2734 prae·

292 2757 483 2841 sumptione
511 2756 619 2821 suerat
644 2754 677 2819 in
706 2751 897 2820 servitute²²
922 2754 1126 2832 damnatum,
1155 2754 1252 2819 huius
1284 2757 1391 2822 noctis

293 2858 453 2926 miraculo
481 2857 658 2944 splendore
685 2858 847 2925 libertatis
859 2855 888 2897 ²⁸
913 2857 1055 2924 irradiat.
1099 2857 1157 2923 Ad
1183 2857 1282 2924 huius
1311 2879 1391 2943 ergo

293 2964 480 3030 festivitatis
518 2963 736 3028 reverentiam
772 2961 899 3027 fervore
934 2962 1068 3047 spiritus
1098 2993 1109 3018 ·
1140 2961 1391 3040 descendentes,
1406 2995 1465 3051 555

294 3075 455 3150 quantum
485 3066 622 3132 devotio
650 3066 793 3131 humana
821 3064 938 3148 exigit,
960 3064 1021 3130 tibi
1044 3064 1120 3130 Deo
1143 3064 1271 3148 iulgore
1296 3064 1391 3131 flam-

293 3189 424 3234 marum
447 3167 569 3253 placita
578 3167 606 3207 ²⁴
628 3168 804 3233 luminaria
825 3168 1029 3242 exhibemus,
1053 3177 1090 3234 ut
1114 3167 1194 3233 dum
1221 3167 1303 3233 haec
1325 3168 1392 3235 fide

294 3274 424 3359 integra
447 3273 688 3357 persolvuntur,
712 3280 879 3339 creaturae
904 3281 981 3337 tuae
1007 3272 1108 3337 etiam
1131 3273 1306 3357 praeconia
1333 3294 1393 3338 ex·

294 3376 455 3442 tollantur
463 3375 499 3443 ²⁵.
545 3376 719 3442 Flammae
740 3374 800 3441 lux
815 3375 939 3459 quippe
953 3375 1094 3441 dicenda
1114 3384 1165 3440 est
1179 3396 1239 3460 per
1254 3396 1356 3459 quam
1366 3373 1393 3415 ²⁶

294 3489 446 3565 potestas
462 3480 608 3546 Deitatis
623 3479 735 3564 Moysi
750 3499 911 3563 apparere
926 3479 1061 3564 dignata
1076 3488 1136 3559 est,
1145 3500 1232 3563 quae
1246 3480 1290 3545 de
1304 3488 1393 3546 terra

294 3584 460 3651 servitutis
489 3583 616 3669 populo
645 3585 781 3648 exeunti
807 3581 976 3649 salutifero
1000 3582 1124 3648 lumine
1149 3583 1308 3649 ducatum
1331 3603 1392 3649 ex-

294 3686 412 3765 hibuit,
446 3708 533 3772 quae
561 3688 669 3754 tribus
704 3688 815 3772 pueris
845 3688 880 3752 in
908 3685 1038 3753 camino
1067 3686 1229 3753 sententia
1258 3687 1392 3772 tyranni

294 3793 456 3878 depositis
471 3792 575 3858 vitam
596 3792 834 3858 blandimentis
853 3790 1056 3858 mollioribus
1075 3791 1258 3857 reservavit.
1303 3791 1392 3857 Nam

295 3893 375 3973 utfl,
391 3897 610 3980 praecedente
625 3897 721 3962 huius
736 3897 870 3962 luminis
884 3897 991 3981 gratia
999 3893 1034 3974 ²⁸,
1051 3896 1258 3962 tenebrarum
1277 3894 1393 3960 horror

295 3999 493 4078 excluditur,
524 4000 581 4080 ita,
612 4001 767 4082 Domine,
797 4001 983 4068 lucescente
1013 3999 1192 4066 maiestatis
1221 4009 1299 4065 tuae
1329 3999 1392 4064 im·

294 4104 395 4189 perio,
410 4115 620 4189 peccatorum
636 4105 783 4171 sarcinae
798 4105 968 4171 diluuntur
976 4102 1010 4168 ἥ.
1054 4104 1167 4189 Quum
1182 4103 1281 4187 igitur
1295 4103 1394 4168 huius

295 4208 501 4275 substantiae
515 4208 675 4274 miramur
690 4209 874 4287 exordium,
889 4229 990 4294 apum
1008 4228 1139 4274 necesse
1153 4218 1204 4272 est
1220 4205 1394 4271 laudemus

239 4335 242 4346 ·
295 4313 465 4397 originem.
509 4312 606 4395 Apes
620 4332 701 4378 vero
722 4323 801 4379 sunt
824 4312 965 4397 frugales
987 4314 1020 4377 in
1043 4312 1239 4397 sumptibus,
1259 4312 1292 4375 in
1316 4331 1393 4394 pro·

296 4415 461 4482 creatione
482 4416 699 4482 castissimae.
743 4415 933 4482 Aedificant
955 4415 1086 4482 cellulas
1112 4435 1207 4481 cereo
1216 4415 1244 4454 ³⁰
1266 4415 1395 4498 liquore
1469 4426 1471 4430 ’

296 4518 449 4585 fundatas
479 4540 617 4604 quarum
628 4519 654 4558 ³¹
687 4520 855 4586 humanae
887 4519 1023 4604 peritiae
1052 4539 1104 4584 ars
1134 4518 1292 4604 magistra
1326 4539 1394 4584 non

298 4633 458 4708 coaequat
467 4623 503 4687 ³¹.
550 4624 684 4709 Legunt
713 4625 856 4707 pedibus
886 4623 990 4703 liores,
1015 4634 1049 4688 et
1079 4621 1204 4687 nullum
1234 4622 1393 4687 damnum

299 4725 367 4793 ἰιι82
382 4727 517 4795 floribus
531 4729 704 4795 invenitur.
750 4729 868 4793 Partus
886 4748 952 4794 non
968 4728 1079 4807 edunt,
1095 4727 1152 4793 sed
1174 4748 1230 4793 ore
1246 4726 1395 4812 legentes
