3352 5828
849 374 1079 433 APPENDIX.

516 534 779 622 [Omnipotentiam
801 548 883 599 tuam
903 538 978 600 Dne.
1000 550 1137 617 prompta
1156 535 1267 622 mente]

518 636 559 698 Ut
579 654 634 697 nos
655 636 730 698 Dne.
751 636 852 698 tribuis
873 637 1076 699 solemnetibi

518 735 591 797 Post
602 734 705 796 Bened.
747 734 785 796 D.
806 735 888 798 cuius
908 735 1060 797 Meranda
1080 736 1213 817 potentia·

519 835 603 896 Haec
623 833 718 895 hostia
737 833 814 896 Dne.
834 853 864 914 q.
884 845 914 897 et
933 835 1049 898 vincula

519 928 620 1016 [sVD.
640 931 680 993 Et
699 932 751 993 tibi
771 929 965 1017 sanctificare]

519 1031 673 1094 Perficiant
692 1032 723 1092 in
743 1033 832 1093 nobis
851 1031 928 1094 Dne.
948 1051 977 1111 q.
997 1042 1050 1094 tua
1070 1043 1260 1094 sacramenta.

523 1129 643 1209 Suscipe
663 1129 739 1191 Dne.
761 1148 864 1208 preces
884 1130 985 1210 populi
1005 1131 1194 1211 supplicantis

867 1306 1020 1368 Domrirr'ca
1048 1308 1141 1368 Vacat.

525 1423 563 1486 Ο.
585 1440 608 1484 s
628 1421 667 1483 D.
687 1422 915 1485 misericordiam
934 1433 1016 1484 tuam
1035 1424 1155 1486 ostende

525 1524 624 1585 Tuere
644 1540 673 1601 q.
694 1521 770 1582 Dne.
790 1521 927 1583 familiam
948 1535 1029 1584 tuam

525 1621 624 1682 Huius
643 1631 672 1682 te
692 1619 769 1681 Dne.
789 1621 918 1682 muneris
938 1620 1085 1684 oblatione

525 1719 592 1780 VD.
614 1719 674 1794 Qui
693 1719 760 1780 vicit
780 1719 930 1781 diabolum

507 1818 664 1880 *Caelestis
684 1836 804 1879 mensae
824 1837 852 1898 q.
872 1818 949 1879 Dne.
971 1830 1154 1880 sacrosancta

627 1992 659 2079 [v
678 1992 751 2055 Kal.
776 1993 836 2055 Oct.
855 1993 927 2056 Nar.
949 1992 1007 2056 SS.
1030 1993 1146 2056 Cormae
1164 2001 1192 2054 et
1208 1991 1358 2055 Damchnr’.

525 2109 695 2190 Magnificet
715 2119 743 2171 te
764 2108 840 2171 Dne.
861 2120 1028 2170 sanctornm
1049 2109 1177 2171 Cosmae
1197 2119 1226 2170 et
1247 2107 1385 2169 Damiani

526 2211 563 2271 ln
582 2219 699 2270 tuorum
719 2208 794 2270 Dne.
817 2209 942 2287 pretiosa
961 2197 1057 2269 morte

525 2306 593 2369 VD.
613 2307 809 2370 Clementiam
828 2317 910 2367 tuam
930 2306 1099 2387 suppliciter

526 2405 570 2467 Sit
590 2406 677 2467 nobis
697 2405 773 2465 Dne.
794 2406 966 2466 sacramenti
985 2401 1040 2488 tui]

547 2582 585 2641 is’r'
601 2578 673 2640 Kal.
696 2578 756 2640 oct.
776 2577 923 2639 oeream
943 2577 1086 2639 Basilicas
1107 2578 1216 2657 Angelr'
1231 2577 1392 2640 Michaelis.

528 2694 566 2755 D.
586 2695 637 2774 qui
657 2694 733 2755 miro
752 2693 856 2754 ordine
876 2693 1048 2771 angelorum

527 2791 577 2854 Da
595 2791 681 2854 nobis
700 2809 729 2852 o.
750 2790 789 2852 D.
802 2791 831 2851 b.
852 2790 1018 2870 archangeli
1040 2791 1193 2854 Michaelis

395 2954 403 2970 ‚
528 2890 651 2952 Hostias
670 2890 724 2951 tibi
743 2889 818 2950 Dne.
839 2889 932 2950 laudis
952 2890 1101 2951 offerimus

531 2986 657 3070 [Munus
677 2989 778 3067 populi
797 2989 838 3049 tui
859 2987 934 3048 Dne.
954 3007 983 3067 q.
1006 2985 1174 3070 dignanter]

531 3086 598 3146 VD.
621 3085 719 3147 Sancti
740 3085 893 3147 Michaelis
914 3084 1079 3164 archangeli
1098 3089 1201 3147 merita

532 3184 615 3245 Beati
636 3184 803 3263 archangeli
824 3185 864 3245 tui
886 3182 1037 3245 Michaelis

532 3283 643 3344 Adesto
663 3283 740 3361 plebi
761 3293 829 3343 tuae
849 3300 888 3341 m.
909 3281 947 3341 D.
968 3293 998 3342 et
1018 3294 1050 3342 ut
1070 3283 1181 3361 gratiae

533 3382 711 3462 Perpetuam
732 3382 817 3442 nobis
838 3380 915 3442 Dne.
936 3392 1003 3441 tuae
1024 3381 1216 3442 miserationis

755 3555 846 3616 Hebd.
867 3576 918 3617 xx
931 3564 999 3633 post
1016 3556 1199 3616 Pentecosten.

514 3671 591 3734 *Fac
611 3690 667 3733 nos
686 3670 763 3731 Dne.
784 3690 813 3751 q.
834 3682 969 3749 prompte
989 3670 1133 3732 voluntate

533 3771 602 3831 Tua
622 3789 677 3831 nos
697 3769 774 3831 Dne.
795 3788 824 3847 q.
845 3769 938 3848 gratia
958 3786 1074 3847 semper
1094 3770 1263 3847 praeveniat

533 3869 648 3929 Munda
669 3886 725 3930 nos
744 3867 820 3929 Dne.
842 3867 970 3928 sacrificii
991 3868 1150 3946 praesentis

532 3968 600 4027 VD.
621 3967 776 4029 Precantes
796 3977 827 4027 ut
848 3968 930 4028 Iesus
951 3966 1084 4028 Christus

534 4066 658 4128 Purifica
678 4065 755 4126 Dne.
775 4086 804 4145 q.
825 4076 937 4126 mentes
956 4076 1070 4126 nostras
1089 4065 1232 4143 benignus

666 4238 757 4323 [Non.
782 4240 841 4302 Oct.
862 4239 938 4305 Nat.
960 4240 991 4301 S.
1012 4239 1119 4300 Marci
1135 4240 1273 4319 Epricopr'
1280 4241 1298 4299 ¹.

533 4358 649 4418 Exaudi
668 4357 745 4416 Dne.
766 4375 868 4434 preces
888 4369 1001 4417 nostras
1022 4367 1050 4417 et
1071 4358 1277 4416 interveniente
1390 4403 1393 4413 .

535 4455 704 4516 Benedictio
725 4468 773 4515 tua
794 4455 869 4515 Dne.
890 4456 972 4534 larga
991 4455 1150 4515 descendat

535 4553 582 4613 Da
603 4573 632 4632 q.
654 4553 731 4615 Dne.
754 4553 889 4614 fidelibus
908 4548 1037 4634 populis]

524 4700 533 4729 ¹
551 4702 582 4752 R.
596 4702 641 4752 has
652 4702 710 4752 here
720 4702 751 4751 vi
761 4702 808 4752 No'.
823 4698 873 4752 Or‘t.
886 4692 953 4751 Nat‘l
962 4703 1004 4752 δᾶ
1015 4702 1173 4766 leudegarii.
1208 4701 1254 4753 See
1265 4701 1339 4752 Gerb.
1352 4718 1376 4768 p.
1391 4701 1444 4765 184.
