3352 5828
415 377 480 447 342
849 367 1079 426 ererum.

499 531 584 593 *VD
606 532 657 594 To
676 541 790 596 mentes
810 541 925 596 nostras

519 631 631 693 Tnbue
651 633 738 694 nobis
758 631 836 694 Due.
856 632 987 694 caelestis
1006 649 1125 694 mensae
1145 627 1261 713 virtute]

397 883 400 893 .
472 795 590 883 [Pridie
611 797 688 860 Non.
709 799 788 860 Mai.
808 797 882 861 Not.
903 796 935 861 S.
955 797 1076 860 lonensi
1094 804 1158 859 ante
1175 798 1296 860 Portant
1316 790 1485 856 zaim.

520 915 560 977 D.
580 916 631 993 qui
651 917 800 994 conspicis
819 915 888 994 quin
909 934 966 977 nos
985 914 1117 995 undique

521 1013 704 1075 Sacrificium
723 1023 856 1075 nostrum
876 1014 930 1074 tibi
950 1012 1026 1074 Dne.
1047 1031 1077 1092 q.

520 1110 706 1191 Sumpsimus
724 1111 802 1173 Due.
821 1112 920 1172 divina
939 1107 1089 1194 mysterio]

699 1274 748 1360 [vi
762 1276 809 1339 ld.
829 1277 908 1340 Mai.
929 1277 1002 1340 Nat.
1023 1276 1057 1341 S.
1081 1276 1232 1341 Gordrbni.

521 1392 1235 1474 O.s.D.quinossmurtyristuiGordiani

521 1492 616 1554 Grata
636 1492 687 1552 tibi
708 1493 765 1554 sint
786 1492 863 1554 Dne.
882 1511 1006 1555 munero
1025 1503 1126 1555 nostra

522 1590 561 1665 Q.
582 1609 611 1651 o.
632 1589 671 1653 D.
691 1602 724 1652 ut
744 1591 796 1670 qui
815 1590 950 1653 caelestia
970 1587 1119 1675 alimenta]

528 1753 573 1841 [iv
594 1755 642 1820 Id.
663 1755 742 1818 Mar:
762 1755 835 1818 Nar.
855 1755 912 1819 SS.
932 1755 1026 1818 Nerei
1040 1755 1168 1818 Achilles·
1184 1763 1213 1817 ei
1231 1753 1395 1817 Pancrast

523 1872 648 1950 Semper
667 1890 724 1933 nos
744 1871 822 1934 Dne.
842 1881 1003 1951 mnnyrum
1023 1883 1142 1934 tuorum

523 1970 700 2032 Sanctorum
720 1980 840 2032 tuorum
861 1969 939 2032 Dne.
960 1969 1049 2032 Nerei
1068 1969 1193 2033 Achillei

501 2067 587 2129 eVD.
608 2067 760 2143 Quoniam
780 2087 799 2129 a
819 2079 849 2129 te

519 2167 559 2243 Q.
579 2166 657 2227 Dne.
677 2177 711 2228 ut
730 2167 887 2228 beatorum·
903 2163 1078 2250 martyrum]

509 2331 562 2419 [iii
577 2334 625 2396 Id.
645 2335 724 2397 Mai.
745 2334 891 2396 Dedr'catrb
911 2335 993 2397 Eccl.
1012 2336 1052 2396 B.
1072 2337 1194 2399 Marde
1212 2336 1254 2397 ad
1269 2334 1428 2412 Morbus.

522 2451 668 2513 Concede
688 2470 718 2530 q.
739 2471 768 2513 o.
789 2451 828 2512 D.
848 2451 886 2513 od
906 2470 1008 2514 eorum

522 2548 618 2629 Super
637 2549 691 2610 has
711 2568 741 2628 q.
761 2548 872 2611 hostias
891 2550 967 2612 Due.
988 2551 1156 2614 benedictio

523 2648 677 2726 Supplices
696 2657 727 2709 te
746 2665 884 2728 rogamus
904 2667 931 2709 o.
951 2648 990 2709 D.
1009 2661 1043 2711 ut
1063 2668 1140 2729 quos
1159 2645 1230 2733 tuis]

762 2813 827 2874 ›In
846 2813 973 2876 Ascmsa
993 2805 1142 2878 Domiru''.

524 2929 645 2991 Praesta
664 2947 694 3008 q.
714 2947 743 2991 o.
764 2928 850 2990 Pater
869 2940 902 2990 ut
922 2940 1037 2991 nostrae
1058 2933 1165 2992 mentis

525 3027 638 3088 Tribue
659 3046 688 3105 q.
708 3045 737 3087 o.
758 3026 797 3086 D.
817 3036 850 3086 ut
869 3045 990 3088 munere
1010 3028 1167 3089 festivitatis

527 3124 707 3185 Sacrificium
727 3122 806 3185 Due.
826 3143 882 3203 pro
902 3125 968 3184 Filii
987 3127 1029 3186 tui
1048 3126 1197 3206 supplices

526 3224 594 3283 VD.
616 3223 652 3284 ln
672 3223 728 3284 hac
749 3224 906 3302 praecipue
927 3224 974 3284 die

527 3321 640 3381 Tribue
660 3339 689 3400 q.
710 3320 786 3381 Due.
806 3331 840 3381 ut
859 3339 912 3399 per
931 3322 1003 3383 haec
1132 3309 1137 3317 ’

508 3419 573 3481 *Da
593 3440 623 3500 q.
644 3439 671 3481 o.
692 3418 730 3479 D.
751 3419 817 3481 illuc
839 3421 985 3500 subsequi.

641 3585 713 3646 Item
734 3590 766 3647 in
786 3588 913 3648 Accensa
932 3586 1056 3649 Domim'
1071 3590 1112 3647 ad
1125 3587 1157 3650 S.
1179 3588 1308 3648 Petrum.

527 3702 667 3764 Concede
689 3722 717 3782 q.
738 3721 767 3764 o.
789 3703 827 3764 D.
847 3715 880 3764 ut
900 3704 950 3781 qui
970 3701 1111 3764 hodierna

507 3800 563 3861 eD.
583 3802 634 3880 qui
654 3802 693 3861 ad
713 3801 886 3862 declaranda
906 3811 956 3863 tus
976 3802 1115 3862 miracola

527 3898 649 3978 Suscipe
669 3898 745 3959 Dne.
766 3918 889 3960 munera
909 3918 987 3978 quae
1006 3918 1062 3979 pro
1083 3900 1147 3960 Filii

525 3996 593 4058 VD.
613 3997 673 4072 Qui
692 4008 762 4077 post
783 3999 1024 4060 resurrectionem

527 4097 787 4158 Communicantes
808 4108 837 4157 et
857 4097 936 4158 diem

526 4195 647 4256 Praesta
667 4196 754 4257 nobis
774 4214 803 4273 q.
824 4214 851 4256 o.
873 4208 902 4257 et
922 4215 961 4256 m.
983 4195 1021 4255 D.

457 4362 467 4390 ¹
485 4363 516 4413 R.
528 4363 590 4414 does
600 4369 644 4414 not
656 4363 754 4415 oontnin
765 4361 815 4413 this
826 4378 854 4412 or
865 4377 914 4427 any
925 4363 955 4413 of
966 4361 1010 4413 the
1024 4363 1092 4414 three
1109 4362 1239 4428 following
1253 4364 1354 4415 Missae.
1388 4364 1413 4415 lt
1428 4364 1451 4413 is
1465 4378 1524 4414 uosr

426 4429 546 4480 defective
557 4437 583 4479 nt
595 4429 644 4480 this
656 4430 733 4492 point,
746 4428 791 4478 bnt
807 4428 849 4478 the
864 4429 969 4493 missing
980 4428 1034 4478 leaf
1042 4444 1093 4478 was
1110 4429 1232 4494 probably
1244 4431 1365 4495 occupied
1379 4431 1412 4494 by
1442 4445 1523 4492 myers

426 4496 474 4544 nnd
487 4495 581 4545 Missae
592 4494 631 4544 for
641 4493 683 4545 the
693 4494 822 4559 Rogation
833 4493 909 4559 Drys,
923 4494 965 4545 the
975 4493 1049 4544 latter
1059 4503 1114 4559 part
1125 4493 1154 4544 oi
1166 4494 1249 4544 which
1260 4511 1302 4546 ere
1313 4494 1392 4546 found
1443 4511 1470 4544 er
1480 4494 1524 4545 the

426 4562 518 4610 lacuna
531 4563 581 4623 (see
593 4560 666 4611 Gerh.
678 4576 720 4626 pp.
736 4562 782 4610 118
794 4561 868 4626 ⁵qu.
902 4559 985 4611 These
1001 4576 1042 4611 are
1057 4567 1102 4610 not
1116 4561 1142 4609 in
1154 4559 1189 4622 S.,
1201 4561 1250 4610 nod
1268 4560 1310 4611 the
1326 4562 1409 4612 Missa
1424 4560 1464 4610 for
1480 4560 1524 4611 the

425 4626 582 4690 Wednesdny
594 4626 615 4675 is
625 4634 670 4676 not
680 4626 777 4691 printed
789 4627 821 4689 by
834 4626 945 4677 Gerbert.

458 4691 468 4720 ²
484 4693 519 4741 In
536 4692 631 4756 Vigilia
642 4694 749 4743 Ascenso
761 4692 820 4741 Dis:
830 4691 861 4741 R.
