3352 5828
295 393 336 463 72
580 384 710 441 LIBER
730 382 1116 441 SACRAMENYORUM
1317 379 1352 446 [1.
1363 380 1399 432 xl.

485 566 583 632 lenm
606 578 694 631 oum
718 577 942 631 nxoncrzan
966 577 1177 632 commemo
1187 561 1224 626 ⁴⁰.

394 686 467 752 Hoc
481 686 545 753 loco
562 686 678 752 misces
693 684 875 750 balsamum
888 706 961 749 cum
977 684 1042 750 oleo
1056 696 1090 750 et
1101 685 1248 769 sequitur
1260 682 1314 749 tic

727 790 922 857 exorcismis
930 786 967 855 ⁴¹.
1143 777 1156 847 '¹

345 912 512 978 Exorcizo
535 920 570 977 te
592 919 743 977 creatura
768 910 840 989 olei,
863 911 896 975 in
918 911 1052 976 nomine
1073 910 1139 976 Dei
1165 910 1272 976 Patris
1294 908 1401 973 omni·

301 1017 459 1101 potentis,
483 1023 517 1081 et
540 1016 573 1079 in
592 1013 729 1079 nomine
751 1015 827 1078 Iesu
853 1013 976 1079 Christi
999 1014 1073 1078 Filii
1096 1015 1175 1092 eius,
1198 1023 1232 1080 et
1257 1012 1401 1099 Spiritus

301 1119 417 1198 sancti,
435 1129 473 1185 ut
495 1115 568 1184 in⁴²
589 1117 676 1183 hanc
699 1118 941 1183 invocationem
964 1117 1070 1183 trinae
1092 1119 1279 1204 potestatis,
1301 1126 1402 1201 atque

301 1225 460 1290 virtutem
505 1222 660 1302 Deitatis,
697 1222 806 1287 omnis
841 1222 1043 1307 nequissima
1076 1223 1180 1288 virtus
1215 1219 1402 1301 adversarii,

302 1328 413 1395 omnis
439 1328 624 1392 inveterata
652 1325 782 1392 malitia
810 1325 945 1406 diaboli,
971 1326 1079 1392 omnis
1107 1326 1282 1392 violentiae
1293 1323 1322 1363 ⁴³
1346 1343 1402 1390 oc·

302 1432 420 1511 cursio,
443 1449 543 1497 omne
565 1429 738 1497 confusum
755 1439 789 1497 et
811 1450 944 1496 caecum
961 1431 1168 1516 phantasma,
1185 1429 1351 1495 eradicare
1369 1438 1404 1493 et

303 1537 450 1622 effugare
472 1544 506 1602 et
529 1531 701 1602 discede⁴⁴
724 1554 745 1600 a
768 1544 918 1602 creatura
942 1535 1040 1601 huius
1065 1534 1139 1612 olei,
1162 1534 1205 1599 ad
1226 1533 1403 1598 utilitatem

305 1641 479 1707 hominum
509 1640 708 1706 constituta:
746 1648 784 1704 ut
813 1637 872 1704 fiat
904 1637 986 1706 haec
1017 1639 1129 1704 unctio
1152 1637 1271 1703 divinis
1297 1656 1405 1702 sacra·

305 1744 427 1810 mentis
442 1742 617 1828 purificata
637 1742 670 1807 in
690 1739 940 1827 adoptionem⁴⁵
960 1742 1067 1808 carnis
1081 1750 1116 1807 et
1135 1741 1268 1826 spiritus
1283 1741 1331 1806 eis
1349 1739 1407 1822 qui

305 1869 351 1913 ex
361 1869 402 1914 eo
414 1844 586 1932 ungueri⁴⁸
598 1846 725 1913 habent
736 1846 769 1911 in
780 1845 1008 1913 remissionem
1020 1846 1168 1922 omnium
1182 1854 1407 1929 peccatorum

305 1950 468 2017 efficiatur
482 1951 516 2016 in
539 1951 586 2015 eis
608 1971 666 2016 cor
685 1970 806 2033 purum
815 1946 844 2022 ,⁴²
860 1950 904 2015 ad
918 1970 1053 2042 ornnem
1068 1948 1210 2034 gratiam
1226 1947 1406 2034 spiritalem

304 2055 559 2123 sanctificatum.
605 2055 669 2119 Per
701 2056 843 2119 eundem
878 2055 988 2120 Iesum
1021 2052 1191 2120 Christum
1222 2052 1406 2119 Dominum

304 2168 466 2235 nostrum,
497 2159 553 2242 qui
581 2169 738 2224 venturus
768 2167 819 2224 est
849 2157 882 2222 in
918 2156 1048 2270 Spiritg
1076 2167 1193 2224 sancto
1223 2157 1368 2223 iudicare
1379 2153 1408 2195 ⁴⁸

303 2264 398 2330 vivos
412 2270 447 2328 et
462 2270 613 2327 mortuos
628 2272 662 2328 et
678 2260 847 2328 saeculum
863 2281 923 2346 per
938 2261 1075 2361 ignem.-
1107 2262 1170 2327 Per
1185 2260 1378 2328 Dominum.

347 2366 426 2431 VD.
449 2364 674 2451 Omnipotens
689 2375 822 2431 aeterne
838 2365 941 2441 Deus,
953 2365 1010 2450 qui
1027 2365 1258 2447 mysteriorum
1273 2373 1408 2428 tuorum

305 2478 431 2536 secreta
461 2468 612 2534 revelem
649 2488 766 2533 nemus
798 2489 857 2534 ore
886 2459 1063 2533 columba&
1095 2475 1263 2553 gestatum
1273 2465 1301 2507 ⁴⁰
1333 2467 1410 2532 Noe

305 2572 411 2639 oculis
426 2573 600 2639 ostendisti
610 2582 648 2637 ut
662 2572 825 2637 disoerent
840 2567 1046 2638 habitatores
1061 2590 1157 2637 arcae
1171 2592 1231 2655 per
1246 2569 1409 2656 Spiritum

285 2688 460 2743 sanctum
487 2684 522 2741 et
548 2675 656 2742 olivae
681 2675 823 2741 chrisma
849 2676 976 2741 mundo
1005 2675 1208 2742 liberationis
1233 2674 1374 2759 gloriam
1383 2672 1411 2713 ³⁰

309 2798 562 2847 rever·suram.
607 2780 671 2845 Per
693 2778 878 2844 Dominum
907 2788 1067 2858 nostrum,
1092 2779 1204 2845 Iesum
1229 2776 1411 2857 Christum,
1425 2792 1485 2852 558

309 2885 368 2967 qui
383 2893 541 2948 venturus
557 2889 608 2948 est
623 2882 768 2948 iudicare
782 2883 875 2947 vivos
891 2892 926 2948 et
940 2892 1088 2949 mortuos
1110 2891 1145 2949 et
1166 2882 1334 2948 saeculum
1353 2901 1413 2967 per

310 2987 433 3073 ignem.
1022 2976 1035 2998 ’

354 3090 428 3156 Hoc
452 3099 561 3154 aulem
590 3091 718 3173 expleto,
747 3086 912 3154 veniens⁶1
938 3098 1015 3154 anta
1043 3088 1155 3167 altare,
1178 3090 1276 3173 ponis
1298 3090 1335 3154 in
1359 3109 1415 3155 ore

310 3192 422 3260 calicis
446 3191 486 3257 de
511 3193 583 3276 ipsa
604 3192 710 3258 hostia
718 3213 731 3255 .·
754 3211 817 3256 non
839 3191 922 3257 dicis
944 3193 1018 3257 Pax
1042 3192 1189 3272 Domini,
1211 3213 1266 3257 mc
1278 3192 1418 3276 faciunt

305 3309 441 3380 pacem:
467 3295 525 3360 sed
543 3297 794 3372 communicant,
816 3305 848 3359 et
868 3305 1039 3360 reservant
1057 3296 1097 3360 dc
1118 3297 1184 3379 ipso
1204 3296 1363 3380 sacrificio
1379 3297 1415 3361 in

313 3401 494 3465 crastinum
510 3397 594 3462 unda
608 3399 844 3464 communicent
854 3393 889 3461 ⁶².

684 3572 781 3637 Isau
804 3584 846 3637 1u
872 3573 990 3638 ann
1011 3586 1045 3636 v.

661 3687 775 3758 Missa
797 3694 845 3757 ad
864 3691 1074 3776 vesperum⁶⁸.

794 3821 942 3880 saerata.

134 3946 290 4011 numm.)
360 3933 509 4018 Suscipe,
533 3953 745 4017 quaesumus,
774 3933 929 4012 Domlne,
956 3954 1075 3998 munus
1103 3933 1265 4012 oblatum,
1290 3946 1324 3999 et
1346 3935 1419 4019 dig·

135 4011 265 4143 ἓξὲξ]
316 4048 434 4104 nanter
463 4058 600 4122 operare
627 4049 664 4105 ut
691 4038 783 4122 quod
807 4037 969 4123 passionis
996 4037 1154 4123 mysterio
1179 4039 1333 4124 gerimus,
1357 4041 1420 4125 piis

134 4144 276 4260 {2329
316 4139 527 4208 affectibus⁶⁴
545 4161 797 4226 consequamur.
842 4143 905 4207 Per
921 4142 1116 4226 Dominum.

137 4218 294 4341 neumis
360 4263 438 4329 VD.
464 4263 510 4329 Et
533 4263 657 4328 iustum
679 4271 739 4330 est
785 4263 848 4329 Per
864 4262 1034 4329 Christum
1055 4263 1239 4329 Dominum
1260 4273 1421 4331 nostrum.

137 4342 210 4459 ζῇ
218 4341 281 4474 ⁶5⁶5&
318 4365 430 4449 Quem
453 4366 487 4430 in
505 4365 568 4430 hac
591 4376 690 4432 nocte
713 4367 798 4431 inter
812 4387 922 4433 sacras
944 4367 1060 4452 epulas
1082 4368 1305 4453 increpantem
1328 4390 1422 4434 mens

320 4469 381 4533 sibi
396 4470 527 4534 conscia
542 4470 711 4535 traditoris
727 4469 811 4537 serre
828 4491 896 4535 non
911 4473 1030 4556 potuit,
1045 4472 1103 4537 sed
1119 4473 1347 4556 apostolorum
1363 4474 1421 4539 de·

319 4574 435 4640 relicto
444 4573 470 4612 ⁶⁶
486 4575 654 4640 consortio
675 4575 846 4658 sanguinis
869 4576 1011 4660 pretium
1034 4598 1055 4642 a
1079 4577 1210 4643 ludaeis
1233 4577 1370 4661 accepit,
1385 4577 1425 4643 ut

320 4679 422 4742 vitam
443 4679 594 4762 perderet
611 4698 712 4762 quam
730 4680 897 4745 distraxit.
937 4680 1099 4747 Coenavit
1117 4681 1217 4766 igitur
1231 4681 1331 4748 hodie
1347 4702 1424 4768 pro·
