<?xml version="1.0" encoding="UTF-8"?>
<!DOCTYPE html PUBLIC "-//W3C//DTD XHTML 1.0 Transitional//EN"
    "http://www.w3.org/TR/xhtml1/DTD/xhtml1-transitional.dtd">
<html xmlns="http://www.w3.org/1999/xhtml" xml:lang="en" lang="en">
 <head>
  <title>
</title>
<meta http-equiv="Content-Type" content="text/html;charset=utf-8" />
  <meta name='ocr-system' content='tesseract 3.04.00' />
  <meta name='ocr-capabilities' content='ocr_page ocr_carea ocr_par ocr_line ocrx_word'/>
</head>
<body>
  <div class='ocr_page' id='page_1' title='image "./gelasiansacrame00wilsgoog_0179.png"; bbox 0 0 3352 5828; ppageno 0'>
   <div class='ocr_carea' id='block_1_1' title="bbox 349 399 1445 476">
    <p class='ocr_par' dir='ltr' id='par_1_1' title="bbox 349 399 1445 476">
     <span class='ocr_line' id='line_1_1' title="bbox 349 399 1445 476; baseline -0.006 -12"><span class='ocrx_word' id='word_1_1' title='bbox 349 399 390 466; x_wconf 85' lang='lat'>86</span> <span class='ocrx_word' id='word_1_2' title='bbox 628 408 758 465; x_wconf 86' lang='lat' dir='ltr'><em>LIBER</em></span> <span class='ocrx_word' id='word_1_3' title='bbox 778 406 1163 466; x_wconf 80' lang='lat' dir='ltr'><em>SACRAMENYORUM</em></span> <span class='ocrx_word' id='word_1_4' title='bbox 1336 408 1371 476; x_wconf 88' lang='grc' dir='ltr'>[Ι.</span> <span class='ocrx_word' id='word_1_5' title='bbox 1383 409 1445 459; x_wconf 83' lang='lat' dir='ltr'>xliv.</span> 
     </span>
    </p>
   </div>
   <div class='ocr_carea' id='block_1_2' title="bbox 350 571 1447 974">
    <p class='ocr_par' dir='ltr' id='par_1_2' title="bbox 350 571 1447 974">
     <span class='ocr_line' id='line_1_2' title="bbox 350 571 1446 661; baseline -0.001 -20"><span class='ocrx_word' id='word_1_6' title='bbox 350 585 421 656; x_wconf 88' lang='lat' dir='ltr'>est;</span> <span class='ocrx_word' id='word_1_7' title='bbox 446 576 504 661; x_wconf 89' lang='lat' dir='ltr'>qui</span> <span class='ocrx_word' id='word_1_8' title='bbox 530 587 565 640; x_wconf 89' lang='lat' dir='ltr'>te</span> <span class='ocrx_word' id='word_1_9' title='bbox 586 595 652 639; x_wconf 91' lang='lat' dir='ltr'>una</span> <span class='ocrx_word' id='word_1_10' title='bbox 674 594 751 638; x_wconf 88' lang='lat' dir='ltr'>cum</span> <span class='ocrx_word' id='word_1_11' title='bbox 774 573 935 657; x_wconf 87' lang='lat' dir='ltr'>sanguine</span> <span class='ocrx_word' id='word_1_12' title='bbox 956 573 999 638; x_wconf 91' lang='lat' dir='ltr'>de</span> <span class='ocrx_word' id='word_1_13' title='bbox 1021 571 1123 639; x_wconf 87' lang='lat' dir='ltr'>latere</span> <span class='ocrx_word' id='word_1_14' title='bbox 1145 594 1206 639; x_wconf 91' lang='lat' dir='ltr'>suo</span> <span class='ocrx_word' id='word_1_15' title='bbox 1228 575 1446 660; x_wconf 71' lang='lat' dir='ltr'>produxitet</span> 
     </span>
     <span class='ocr_line' id='line_1_3' title="bbox 351 679 1446 766; baseline 0.003 -20"><span class='ocrx_word' id='word_1_16' title='bbox 351 680 522 766; x_wconf 76' lang='lat' dir='ltr'>discipulis</span> <span class='ocrx_word' id='word_1_17' title='bbox 536 680 604 745; x_wconf 87' lang='lat' dir='ltr'>suis</span> <span class='ocrx_word' id='word_1_18' title='bbox 618 680 712 746; x_wconf 89' lang='lat' dir='ltr'>iussit</span> <span class='ocrx_word' id='word_1_19' title='bbox 727 688 765 744; x_wconf 95' lang='lat' dir='ltr'>ut</span> <span class='ocrx_word' id='word_1_20' title='bbox 780 680 950 745; x_wconf 89' lang='lat' dir='ltr'>credentes</span> <span class='ocrx_word' id='word_1_21' title='bbox 965 679 1210 763; x_wconf 86' lang='lat' dir='ltr'>baptizarentur</span> <span class='ocrx_word' id='word_1_22' title='bbox 1220 681 1255 745; x_wconf 93' lang='lat' dir='ltr'>in</span> <span class='ocrx_word' id='word_1_23' title='bbox 1270 690 1313 759; x_wconf 92' lang='lat' dir='ltr'>te,</span> <span class='ocrx_word' id='word_1_24' title='bbox 1322 681 1446 760; x_wconf 84' lang='lat' dir='ltr'>dicens,</span> 
     </span>
     <span class='ocr_line' id='line_1_4' title="bbox 353 783 1447 868; baseline 0.002 -19"><span class='ocrx_word' id='word_1_25' title='bbox 353 785 413 865; x_wconf 90' lang='lat' dir='ltr'>lte,</span> <span class='ocrx_word' id='word_1_26' title='bbox 426 785 546 850; x_wconf 90' lang='lat' dir='ltr'>docete</span> <span class='ocrx_word' id='word_1_27' title='bbox 560 805 676 850; x_wconf 89' lang='lat' dir='ltr'>omnes</span> <span class='ocrx_word' id='word_1_28' title='bbox 692 792 821 868; x_wconf 85' lang='lat' dir='ltr'>gentes,</span> <span class='ocrx_word' id='word_1_29' title='bbox 834 783 1041 867; x_wconf 85' lang='lat' dir='ltr'>baptizantes</span> <span class='ocrx_word' id='word_1_30' title='bbox 1058 805 1114 850; x_wconf 91' lang='lat' dir='ltr'>eos</span> <span class='ocrx_word' id='word_1_31' title='bbox 1130 784 1163 848; x_wconf 91' lang='lat' dir='ltr'>in</span> <span class='ocrx_word' id='word_1_32' title='bbox 1178 785 1314 850; x_wconf 90' lang='lat' dir='ltr'>nomine</span> <span class='ocrx_word' id='word_1_33' title='bbox 1330 785 1447 864; x_wconf 89' lang='lat' dir='ltr'>Patris,</span> 
     </span>
     <span class='ocr_line' id='line_1_5' title="bbox 351 887 831 974; baseline 0.002 -21"><span class='ocrx_word' id='word_1_34' title='bbox 351 898 385 953; x_wconf 90' lang='lat' dir='ltr'>et</span> <span class='ocrx_word' id='word_1_35' title='bbox 401 889 486 966; x_wconf 90' lang='lat' dir='ltr'>Filii,</span> <span class='ocrx_word' id='word_1_36' title='bbox 502 898 536 953; x_wconf 91' lang='lat' dir='ltr'>et</span> <span class='ocrx_word' id='word_1_37' title='bbox 556 887 699 974; x_wconf 88' lang='lat' dir='ltr'>Spiritus</span> <span class='ocrx_word' id='word_1_38' title='bbox 714 887 831 954; x_wconf 88' lang='lat' dir='ltr'>sancti.</span> 
     </span>
    </p>
   </div>
   <div class='ocr_carea' id='block_1_3' title="bbox 394 1009 769 1076">
    <p class='ocr_par' dir='ltr' id='par_1_3' title="bbox 394 1009 769 1076">
     <span class='ocr_line' id='line_1_6' title="bbox 394 1009 769 1076; baseline -0.003 -2"><span class='ocrx_word' id='word_1_39' title='bbox 394 1009 463 1076; x_wconf 79' lang='lat' dir='ltr'>Hie</span> <span class='ocrx_word' id='word_1_40' title='bbox 475 1031 606 1076; x_wconf 81' lang='lat' dir='ltr'>sensum</span> <span class='ocrx_word' id='word_1_41' title='bbox 621 1009 769 1074; x_wconf 84' lang='lat' dir='ltr'>mutabis.</span> 
     </span>
    </p>
   </div>
   <div class='ocr_carea' id='block_1_4' title="bbox 352 1129 1448 1633">
    <p class='ocr_par' dir='ltr' id='par_1_4' title="bbox 352 1129 1448 1633">
     <span class='ocr_line' id='line_1_7' title="bbox 398 1129 1447 1216; baseline -0.002 -20"><span class='ocrx_word' id='word_1_42' title='bbox 398 1131 493 1197; x_wconf 88' lang='lat' dir='ltr'>Haec</span> <span class='ocrx_word' id='word_1_43' title='bbox 516 1130 611 1197; x_wconf 90' lang='lat' dir='ltr'>nobis</span> <span class='ocrx_word' id='word_1_44' title='bbox 632 1137 810 1216; x_wconf 88' lang='lat' dir='ltr'>praecepta</span> <span class='ocrx_word' id='word_1_45' title='bbox 830 1129 1045 1209; x_wconf 87' lang='lat' dir='ltr'>servantibus,</span> <span class='ocrx_word' id='word_1_46' title='bbox 1059 1139 1096 1195; x_wconf 92' lang='lat' dir='ltr'>tu</span> <span class='ocrx_word' id='word_1_47' title='bbox 1119 1129 1213 1195; x_wconf 89' lang='lat' dir='ltr'>Deus</span> <span class='ocrx_word' id='word_1_48' title='bbox 1235 1131 1447 1214; x_wconf 87' lang='lat' dir='ltr'>omnipotens</span> 
     </span>
     <span class='ocr_line' id='line_1_8' title="bbox 352 1234 1448 1320; baseline -0.001 -19"><span class='ocrx_word' id='word_1_49' title='bbox 352 1234 497 1302; x_wconf 89' lang='lat' dir='ltr'>clemens</span> <span class='ocrx_word' id='word_1_50' title='bbox 529 1236 656 1312; x_wconf 83' lang='lat' dir='ltr'>adesto,</span> <span class='ocrx_word' id='word_1_51' title='bbox 685 1243 722 1300; x_wconf 91' lang='lat' dir='ltr'>tu</span> <span class='ocrx_word' id='word_1_52' title='bbox 751 1234 915 1319; x_wconf 87' lang='lat' dir='ltr'>benignus</span> <span class='ocrx_word' id='word_1_53' title='bbox 943 1234 1063 1318; x_wconf 91' lang='lat' dir='ltr'>aspira.</span> <span class='ocrx_word' id='word_1_54' title='bbox 1108 1235 1160 1300; x_wconf 90' lang='lat' dir='ltr'>Tu</span> <span class='ocrx_word' id='word_1_55' title='bbox 1190 1234 1251 1299; x_wconf 89' lang='lat' dir='ltr'>has</span> <span class='ocrx_word' id='word_1_56' title='bbox 1282 1234 1448 1320; x_wconf 86' lang='lat' dir='ltr'>simplices</span> 
     </span>
     <span class='ocr_line' id='line_1_9' title="bbox 353 1339 1448 1424; baseline 0.002 -20"><span class='ocrx_word' id='word_1_57' title='bbox 353 1361 456 1424; x_wconf 88' lang='lat' dir='ltr'>aquas</span> <span class='ocrx_word' id='word_1_58' title='bbox 477 1349 537 1406; x_wconf 92' lang='lat' dir='ltr'>tuo</span> <span class='ocrx_word' id='word_1_59' title='bbox 560 1360 618 1406; x_wconf 91' lang='lat' dir='ltr'>ore</span> <span class='ocrx_word' id='word_1_60' title='bbox 639 1339 839 1419; x_wconf 86' lang='lat' dir='ltr'>benedicito,</span> <span class='ocrx_word' id='word_1_61' title='bbox 866 1347 904 1403; x_wconf 93' lang='lat' dir='ltr'>ut</span> <span class='ocrx_word' id='word_1_62' title='bbox 924 1346 1055 1423; x_wconf 88' lang='lat' dir='ltr'>praeter</span> <span class='ocrx_word' id='word_1_63' title='bbox 1081 1339 1265 1404; x_wconf 89' lang='lat' dir='ltr'>naturalem</span> <span class='ocrx_word' id='word_1_64' title='bbox 1289 1340 1448 1406; x_wconf 89' lang='lat' dir='ltr'>emunda·</span> 
     </span>
     <span class='ocr_line' id='line_1_10' title="bbox 353 1442 1448 1528; baseline 0 -19"><span class='ocrx_word' id='word_1_65' title='bbox 353 1444 487 1521; x_wconf 88' lang='lat' dir='ltr'>tionem,</span> <span class='ocrx_word' id='word_1_66' title='bbox 509 1464 610 1528; x_wconf 91' lang='lat' dir='ltr'>quarn</span> <span class='ocrx_word' id='word_1_67' title='bbox 640 1443 790 1509; x_wconf 90' lang='lat' dir='ltr'>lavandis</span> <span class='ocrx_word' id='word_1_68' title='bbox 817 1453 956 1527; x_wconf 90' lang='lat' dir='ltr'>possunt</span> <span class='ocrx_word' id='word_1_69' title='bbox 981 1442 1137 1507; x_wconf 88' lang='lat' dir='ltr'>adhibere</span> <span class='ocrx_word' id='word_1_70' title='bbox 1160 1443 1359 1528; x_wconf 89' lang='lat' dir='ltr'>corporibus,</span> <span class='ocrx_word' id='word_1_71' title='bbox 1380 1444 1448 1509; x_wconf 90' lang='lat' dir='ltr'>sint</span> 
     </span>
     <span class='ocr_line' id='line_1_11' title="bbox 353 1546 1033 1633; baseline -0.006 -20"><span class='ocrx_word' id='word_1_72' title='bbox 353 1548 452 1613; x_wconf 85' lang='lat' dir='ltr'>etiarn</span> <span class='ocrx_word' id='word_1_73' title='bbox 468 1547 680 1633; x_wconf 90' lang='lat' dir='ltr'>purificandis</span> <span class='ocrx_word' id='word_1_74' title='bbox 696 1546 861 1612; x_wconf 89' lang='lat' dir='ltr'>mentibus</span> <span class='ocrx_word' id='word_1_75' title='bbox 876 1546 1033 1611; x_wconf 87' lang='lat' dir='ltr'>efficaces.</span> 
     </span>
    </p>
   </div>
   <div class='ocr_carea' id='block_1_5' title="bbox 171 1666 1451 4044">
    <p class='ocr_par' dir='ltr' id='par_1_5' title="bbox 350 1666 1448 2694">
     <span class='ocr_line' id='line_1_12' title="bbox 396 1666 1448 1752; baseline -0.001 -19"><span class='ocrx_word' id='word_1_76' title='bbox 396 1667 588 1734; x_wconf 89' lang='lat' dir='ltr'>Descendat</span> <span class='ocrx_word' id='word_1_77' title='bbox 603 1667 637 1732; x_wconf 91' lang='lat' dir='ltr'>in</span> <span class='ocrx_word' id='word_1_78' title='bbox 647 1668 733 1733; x_wconf 86' lang='lat' dir='ltr'>hanc</span> <span class='ocrx_word' id='word_1_79' title='bbox 748 1667 987 1752; x_wconf 86' lang='lat' dir='ltr'>plenitudinem</span> <span class='ocrx_word' id='word_1_80' title='bbox 1003 1667 1103 1732; x_wconf 85' lang='lat' dir='ltr'>sontis</span> <span class='ocrx_word' id='word_1_81' title='bbox 1115 1667 1219 1731; x_wconf 88' lang='lat' dir='ltr'>virtus</span> <span class='ocrx_word' id='word_1_82' title='bbox 1231 1666 1377 1752; x_wconf 87' lang='lat' dir='ltr'>Spiritus</span> <span class='ocrx_word' id='word_1_83' title='bbox 1391 1668 1448 1746; x_wconf 90' lang='lat' dir='ltr'>tui,</span> 
     </span>
     <span class='ocr_line' id='line_1_13' title="bbox 350 1769 1448 1855; baseline 0.001 -19"><span class='ocrx_word' id='word_1_84' title='bbox 350 1781 386 1837; x_wconf 87' lang='lat' dir='ltr'>et</span> <span class='ocrx_word' id='word_1_85' title='bbox 404 1781 512 1839; x_wconf 87' lang='lat' dir='ltr'>totam</span> <span class='ocrx_word' id='word_1_86' title='bbox 521 1771 548 1812; x_wconf 82' lang='lat'>²⁰</span> <span class='ocrx_word' id='word_1_87' title='bbox 567 1771 665 1837; x_wconf 90' lang='lat' dir='ltr'>huius</span> <span class='ocrx_word' id='word_1_88' title='bbox 679 1792 786 1855; x_wconf 89' lang='lat' dir='ltr'>aquae</span> <span class='ocrx_word' id='word_1_89' title='bbox 800 1770 1020 1837; x_wconf 89' lang='lat' dir='ltr'>substantiam</span> <span class='ocrx_word' id='word_1_90' title='bbox 1037 1769 1280 1855; x_wconf 85' lang='lat' dir='ltr'>regenerandi²¹</span> <span class='ocrx_word' id='word_1_91' title='bbox 1294 1770 1448 1837; x_wconf 86' lang='lat' dir='ltr'>fecundet</span> 
     </span>
     <span class='ocr_line' id='line_1_14' title="bbox 350 1874 1448 1959; baseline -0.001 -18"><span class='ocrx_word' id='word_1_92' title='bbox 350 1874 481 1942; x_wconf 82' lang='lat' dir='ltr'>effectu.</span> <span class='ocrx_word' id='word_1_93' title='bbox 528 1875 596 1940; x_wconf 88' lang='lat' dir='ltr'>Hic</span> <span class='ocrx_word' id='word_1_94' title='bbox 611 1876 758 1941; x_wconf 89' lang='lat' dir='ltr'>omniurn</span> <span class='ocrx_word' id='word_1_95' title='bbox 777 1884 989 1959; x_wconf 91' lang='lat' dir='ltr'>peccatorum</span> <span class='ocrx_word' id='word_1_96' title='bbox 1005 1875 1155 1940; x_wconf 89' lang='lat' dir='ltr'>maculae</span> <span class='ocrx_word' id='word_1_97' title='bbox 1169 1874 1348 1941; x_wconf 88' lang='lat' dir='ltr'>deleantur.</span> <span class='ocrx_word' id='word_1_98' title='bbox 1382 1875 1448 1940; x_wconf 90' lang='lat' dir='ltr'>Hic</span> 
     </span>
     <span class='ocr_line' id='line_1_15' title="bbox 351 1978 1448 2063; baseline -0.004 -17"><span class='ocrx_word' id='word_1_99' title='bbox 351 1989 469 2046; x_wconf 89' lang='lat' dir='ltr'>natura</span> <span class='ocrx_word' id='word_1_100' title='bbox 483 1979 527 2045; x_wconf 92' lang='lat' dir='ltr'>ad</span> <span class='ocrx_word' id='word_1_101' title='bbox 543 1979 722 2063; x_wconf 85' lang='lat' dir='ltr'>imaginem</span> <span class='ocrx_word' id='word_1_102' title='bbox 737 1990 830 2046; x_wconf 91' lang='lat' dir='ltr'>tuam</span> <span class='ocrx_word' id='word_1_103' title='bbox 846 1979 989 2058; x_wconf 88' lang='lat' dir='ltr'>condita,</span> <span class='ocrx_word' id='word_1_104' title='bbox 1000 1989 1036 2045; x_wconf 91' lang='lat' dir='ltr'>et</span> <span class='ocrx_word' id='word_1_105' title='bbox 1046 1978 1090 2045; x_wconf 91' lang='lat' dir='ltr'>ad</span> <span class='ocrx_word' id='word_1_106' title='bbox 1106 1978 1265 2044; x_wconf 88' lang='lat' dir='ltr'>honorem</span> <span class='ocrx_word' id='word_1_107' title='bbox 1280 1978 1330 2045; x_wconf 89' lang='lat' dir='ltr'>sui</span> <span class='ocrx_word' id='word_1_108' title='bbox 1346 1978 1448 2044; x_wconf 88' lang='lat' dir='ltr'>refor-</span> 
     </span>
     <span class='ocr_line' id='line_1_16' title="bbox 351 2082 1448 2169; baseline -0.001 -21"><span class='ocrx_word' id='word_1_109' title='bbox 351 2094 442 2150; x_wconf 91' lang='lat' dir='ltr'>mata</span> <span class='ocrx_word' id='word_1_110' title='bbox 467 2083 628 2169; x_wconf 88' lang='lat' dir='ltr'>principii,</span> <span class='ocrx_word' id='word_1_111' title='bbox 657 2083 784 2150; x_wconf 89' lang='lat' dir='ltr'>cunctis</span> <span class='ocrx_word' id='word_1_112' title='bbox 806 2082 981 2148; x_wconf 87' lang='lat' dir='ltr'>vetustatis</span> <span class='ocrx_word' id='word_1_113' title='bbox 1005 2082 1215 2166; x_wconf 88' lang='lat' dir='ltr'>squaloribus</span> <span class='ocrx_word' id='word_1_114' title='bbox 1240 2083 1448 2160; x_wconf 87' lang='lat' dir='ltr'>emundetur,</span> 
     </span>
     <span class='ocr_line' id='line_1_17' title="bbox 350 2185 1448 2271; baseline -0.002 -18"><span class='ocrx_word' id='word_1_115' title='bbox 350 2198 388 2253; x_wconf 95' lang='lat' dir='ltr'>ut</span> <span class='ocrx_word' id='word_1_116' title='bbox 410 2189 518 2253; x_wconf 92' lang='lat' dir='ltr'>omnis</span> <span class='ocrx_word' id='word_1_117' title='bbox 538 2186 641 2253; x_wconf 90' lang='lat' dir='ltr'>homo</span> <span class='ocrx_word' id='word_1_118' title='bbox 655 2185 720 2252; x_wconf 93' lang='lat' dir='ltr'>hoc</span> <span class='ocrx_word' id='word_1_119' title='bbox 739 2196 982 2252; x_wconf 88' lang='lat' dir='ltr'>sacramentum</span> <span class='ocrx_word' id='word_1_120' title='bbox 1001 2186 1259 2270; x_wconf 85' lang='lat' dir='ltr'>regenerationis</span> <span class='ocrx_word' id='word_1_121' title='bbox 1281 2186 1448 2271; x_wconf 86' lang='lat' dir='ltr'>ingressus</span> 
     </span>
     <span class='ocr_line' id='line_1_18' title="bbox 351 2288 1448 2370; baseline -0.001 -14"><span class='ocrx_word' id='word_1_122' title='bbox 351 2292 384 2356; x_wconf 89' lang='lat' dir='ltr'>in</span> <span class='ocrx_word' id='word_1_123' title='bbox 399 2313 478 2358; x_wconf 86' lang='lat' dir='ltr'>vera</span> <span class='ocrx_word' id='word_1_124' title='bbox 492 2292 690 2370; x_wconf 88' lang='lat' dir='ltr'>innocentia,</span> <span class='ocrx_word' id='word_1_125' title='bbox 705 2311 790 2357; x_wconf 88' lang='lat' dir='ltr'>nova</span> <span class='ocrx_word' id='word_1_126' title='bbox 805 2289 976 2370; x_wconf 55' lang='lat' dir='ltr'>infantiass,</span> <span class='ocrx_word' id='word_1_127' title='bbox 989 2299 1190 2356; x_wconf 88' lang='lat' dir='ltr'>renascatur.</span> <span class='ocrx_word' id='word_1_128' title='bbox 1214 2290 1276 2357; x_wconf 89' lang='lat' dir='ltr'>Per</span> <span class='ocrx_word' id='word_1_129' title='bbox 1284 2288 1312 2329; x_wconf 81' lang='lat'>²³</span> <span class='ocrx_word' id='word_1_130' title='bbox 1328 2291 1448 2356; x_wconf 90' lang='lat' dir='ltr'>Domi·</span> 
     </span>
     <span class='ocr_line' id='line_1_19' title="bbox 350 2393 1448 2478; baseline -0.002 -17"><span class='ocrx_word' id='word_1_131' title='bbox 350 2416 429 2461; x_wconf 92' lang='lat' dir='ltr'>num</span> <span class='ocrx_word' id='word_1_132' title='bbox 450 2405 602 2461; x_wconf 86' lang='lat' dir='ltr'>nostrum</span> <span class='ocrx_word' id='word_1_133' title='bbox 626 2395 738 2460; x_wconf 89' lang='lat' dir='ltr'>Iesum</span> <span class='ocrx_word' id='word_1_134' title='bbox 761 2394 931 2461; x_wconf 88' lang='lat' dir='ltr'>Christum</span> <span class='ocrx_word' id='word_1_135' title='bbox 954 2393 1075 2459; x_wconf 91' lang='lat' dir='ltr'>Filium</span> <span class='ocrx_word' id='word_1_136' title='bbox 1098 2404 1203 2474; x_wconf 91' lang='lat' dir='ltr'>tuum,</span> <span class='ocrx_word' id='word_1_137' title='bbox 1218 2394 1275 2478; x_wconf 93' lang='lat' dir='ltr'>qui</span> <span class='ocrx_word' id='word_1_138' title='bbox 1290 2404 1448 2459; x_wconf 90' lang='lat' dir='ltr'>venturus</span> 
     </span>
     <span class='ocr_line' id='line_1_20' title="bbox 352 2495 1448 2583; baseline -0.002 -19"><span class='ocrx_word' id='word_1_139' title='bbox 352 2508 403 2564; x_wconf 76' lang='lat' dir='ltr'>est</span> <span class='ocrx_word' id='word_1_140' title='bbox 417 2500 449 2564; x_wconf 90' lang='lat' dir='ltr'>in</span> <span class='ocrx_word' id='word_1_141' title='bbox 466 2499 592 2583; x_wconf 90' lang='lat' dir='ltr'>Spiritu</span> <span class='ocrx_word' id='word_1_142' title='bbox 605 2495 752 2565; x_wconf 80' lang='lat' dir='ltr'>sancto²⁴</span> <span class='ocrx_word' id='word_1_143' title='bbox 766 2498 910 2564; x_wconf 87' lang='lat' dir='ltr'>iudicare</span> <span class='ocrx_word' id='word_1_144' title='bbox 918 2499 1011 2563; x_wconf 86' lang='lat' dir='ltr'>vivos</span> <span class='ocrx_word' id='word_1_145' title='bbox 1026 2508 1061 2564; x_wconf 91' lang='lat' dir='ltr'>et</span> <span class='ocrx_word' id='word_1_146' title='bbox 1073 2507 1222 2563; x_wconf 91' lang='lat' dir='ltr'>mortuos</span> <span class='ocrx_word' id='word_1_147' title='bbox 1234 2507 1267 2562; x_wconf 91' lang='lat' dir='ltr'>et</span> <span class='ocrx_word' id='word_1_148' title='bbox 1278 2497 1448 2563; x_wconf 89' lang='lat' dir='ltr'>saeculum</span> 
     </span>
     <span class='ocr_line' id='line_1_21' title="bbox 351 2604 706 2694; baseline 0.003 -28"><span class='ocrx_word' id='word_1_149' title='bbox 351 2623 411 2687; x_wconf 92' lang='lat' dir='ltr'>per</span> <span class='ocrx_word' id='word_1_150' title='bbox 424 2604 545 2688; x_wconf 88' lang='lat' dir='ltr'>ignem.</span> <span class='ocrx_word' id='word_1_151' title='bbox 568 2631 589 2687; x_wconf 81' lang='grc' dir='ltr'><strong><em>γ</em></strong></span> <span class='ocrx_word' id='word_1_152' title='bbox 703 2686 706 2694; x_wconf 91' lang='lat'>.</span> 
     </span>
    </p>

    <p class='ocr_par' dir='ltr' id='par_1_6' title="bbox 171 2719 1449 2936">
     <span class='ocr_line' id='line_1_22' title="bbox 171 2719 1449 2806; baseline -0.002 -17"><span class='ocrx_word' id='word_1_153' title='bbox 171 2739 204 2789; x_wconf 72' lang='lat' dir='ltr'>lc</span> <span class='ocrx_word' id='word_1_154' title='bbox 395 2722 478 2788; x_wconf 85' lang='lat' dir='ltr'>Inde</span> <span class='ocrx_word' id='word_1_155' title='bbox 492 2724 650 2789; x_wconf 68' lang='lat' dir='ltr'>benedetto</span> <span class='ocrx_word' id='word_1_156' title='bbox 655 2724 764 2805; x_wconf 83' lang='lat' dir='ltr'>sante·</span> <span class='ocrx_word' id='word_1_157' title='bbox 774 2723 919 2806; x_wconf 74' lang='lat' dir='ltr'>baptizas</span> <span class='ocrx_word' id='word_1_158' title='bbox 932 2722 1238 2806; x_wconf 64' lang='lat' dir='ltr'>unamquamquam</span> <span class='ocrx_word' id='word_1_159' title='bbox 1251 2719 1367 2787; x_wconf 85' lang='lat' dir='ltr'>ordine</span> <span class='ocrx_word' id='word_1_160' title='bbox 1382 2742 1449 2799; x_wconf 80' lang='lat' dir='ltr'>sraa,</span> 
     </span>
     <span class='ocr_line' id='line_1_23' title="bbox 171 2804 825 2936; baseline -0.005 -44"><span class='ocrx_word' id='word_1_161' title='bbox 171 2804 249 2922; x_wconf 45' lang='lat' dir='ltr'>geg}</span> <span class='ocrx_word' id='word_1_162' title='bbox 262 2820 319 2936; x_wconf 54' lang='grc' dir='ltr'>ᾖξ’·</span> <span class='ocrx_word' id='word_1_163' title='bbox 352 2827 413 2892; x_wconf 82' lang='lat' dir='ltr'>sub</span> <span class='ocrx_word' id='word_1_164' title='bbox 429 2826 492 2892; x_wconf 74' lang='lat' dir='ltr'>aas</span> <span class='ocrx_word' id='word_1_165' title='bbox 506 2824 825 2910; x_wconf 42' lang='lat' dir='ltr'>interrogationem</span> 
     </span>
    </p>

    <p class='ocr_par' dir='ltr' id='par_1_7' title="bbox 172 2907 1181 3013">
     <span class='ocr_line' id='line_1_24' title="bbox 172 2907 1181 3013; baseline -0.005 -17"><span class='ocrx_word' id='word_1_166' title='bbox 172 2948 200 2988; x_wconf 72' lang='lat' dir='ltr'>A·</span> <span class='ocrx_word' id='word_1_167' title='bbox 244 2909 251 2923; x_wconf 58' lang='grc'>’</span> <span class='ocrx_word' id='word_1_168' title='bbox 297 2907 303 2921; x_wconf 50' lang='grc'><strong><em>’</em></strong></span> <span class='ocrx_word' id='word_1_169' title='bbox 398 2930 516 2996; x_wconf 87' lang='lat' dir='ltr'>Credis</span> <span class='ocrx_word' id='word_1_170' title='bbox 532 2932 564 2995; x_wconf 88' lang='lat' dir='ltr'>in</span> <span class='ocrx_word' id='word_1_171' title='bbox 579 2931 691 2996; x_wconf 90' lang='lat' dir='ltr'>Deum</span> <span class='ocrx_word' id='word_1_172' title='bbox 707 2930 839 2995; x_wconf 88' lang='lat' dir='ltr'>Patrem</span> <span class='ocrx_word' id='word_1_173' title='bbox 855 2929 1118 3013; x_wconf 90' lang='lat' dir='ltr'>omnipotentem</span> <span class='ocrx_word' id='word_1_174' title='bbox 1131 2926 1181 2990; x_wconf 75' lang='lat'>²⁶?</span> 
     </span>
    </p>

    <p class='ocr_par' dir='ltr' id='par_1_8' title="bbox 172 3002 637 3117">
     <span class='ocr_line' id='line_1_25' title="bbox 172 3002 637 3117; baseline -0.002 -20"><span class='ocrx_word' id='word_1_175' title='bbox 172 3002 243 3054; x_wconf 76' lang='lat' dir='ltr'>Pm.</span> <span class='ocrx_word' id='word_1_176' title='bbox 256 3015 312 3065; x_wconf 70' lang='lat'>&#39;⁵⁰&#39;</span> <span class='ocrx_word' id='word_1_177' title='bbox 397 3032 493 3117; x_wconf 72' lang='lat' dir='ltr'>Resp.</span> <span class='ocrx_word' id='word_1_178' title='bbox 516 3033 637 3100; x_wconf 88' lang='lat' dir='ltr'>Credo.</span> 
     </span>
    </p>

    <p class='ocr_par' dir='ltr' id='par_1_9' title="bbox 355 3134 1448 3322">
     <span class='ocr_line' id='line_1_26' title="bbox 400 3134 1448 3202; baseline -0.004 0"><span class='ocrx_word' id='word_1_179' title='bbox 400 3135 515 3202; x_wconf 88' lang='lat' dir='ltr'>Credis</span> <span class='ocrx_word' id='word_1_180' title='bbox 552 3146 586 3202; x_wconf 89' lang='lat' dir='ltr'>et</span> <span class='ocrx_word' id='word_1_181' title='bbox 623 3137 656 3202; x_wconf 91' lang='lat' dir='ltr'>in</span> <span class='ocrx_word' id='word_1_182' title='bbox 696 3137 806 3202; x_wconf 89' lang='lat' dir='ltr'>Iesum</span> <span class='ocrx_word' id='word_1_183' title='bbox 843 3135 1013 3201; x_wconf 87' lang='lat' dir='ltr'>Christum</span> <span class='ocrx_word' id='word_1_184' title='bbox 1052 3134 1173 3199; x_wconf 90' lang='lat' dir='ltr'>Filium</span> <span class='ocrx_word' id='word_1_185' title='bbox 1212 3134 1282 3198; x_wconf 90' lang='lat' dir='ltr'>eius</span> <span class='ocrx_word' id='word_1_186' title='bbox 1316 3134 1448 3199; x_wconf 91' lang='lat' dir='ltr'>unicum</span> 
     </span>
     <span class='ocr_line' id='line_1_27' title="bbox 355 3240 1070 3322; baseline -0.004 -18"><span class='ocrx_word' id='word_1_187' title='bbox 355 3240 540 3304; x_wconf 89' lang='lat' dir='ltr'>Dominum</span> <span class='ocrx_word' id='word_1_188' title='bbox 556 3248 717 3319; x_wconf 89' lang='lat' dir='ltr'>nostrum,</span> <span class='ocrx_word' id='word_1_189' title='bbox 732 3250 849 3304; x_wconf 88' lang='lat' dir='ltr'>natum</span> <span class='ocrx_word' id='word_1_190' title='bbox 864 3248 898 3304; x_wconf 88' lang='lat' dir='ltr'>et</span> <span class='ocrx_word' id='word_1_191' title='bbox 913 3243 1070 3322; x_wconf 80' lang='lat' dir='ltr'>passum?</span> 
     </span>
    </p>

    <p class='ocr_par' dir='ltr' id='par_1_10' title="bbox 396 3341 639 3427">
     <span class='ocr_line' id='line_1_28' title="bbox 396 3341 639 3427; baseline 0.012 -22"><span class='ocrx_word' id='word_1_192' title='bbox 396 3341 494 3427; x_wconf 61' lang='grc' dir='ltr'><em>Κεφ.</em></span> <span class='ocrx_word' id='word_1_193' title='bbox 519 3342 639 3409; x_wconf 90' lang='lat' dir='ltr'>Credo.</span> 
     </span>
    </p>

    <p class='ocr_par' dir='ltr' id='par_1_11' title="bbox 356 3441 1450 3636">
     <span class='ocr_line' id='line_1_29' title="bbox 398 3441 1450 3530; baseline -0.003 -19"><span class='ocrx_word' id='word_1_194' title='bbox 398 3445 516 3512; x_wconf 89' lang='lat' dir='ltr'>Credis</span> <span class='ocrx_word' id='word_1_195' title='bbox 540 3455 574 3512; x_wconf 84' lang='lat' dir='ltr'>et</span> <span class='ocrx_word' id='word_1_196' title='bbox 597 3447 630 3511; x_wconf 92' lang='lat' dir='ltr'>in</span> <span class='ocrx_word' id='word_1_197' title='bbox 657 3445 820 3530; x_wconf 88' lang='lat' dir='ltr'>Spiritum</span> <span class='ocrx_word' id='word_1_198' title='bbox 844 3455 1016 3524; x_wconf 89' lang='lat' dir='ltr'>sanctum;</span> <span class='ocrx_word' id='word_1_199' title='bbox 1047 3452 1197 3510; x_wconf 89' lang='lat' dir='ltr'>sanctam</span> <span class='ocrx_word' id='word_1_200' title='bbox 1220 3441 1450 3524; x_wconf 78' lang='lat' dir='ltr'>ecclesiam²⁷;</span> 
     </span>
     <span class='ocr_line' id='line_1_30' title="bbox 356 3547 1309 3636; baseline 0.001 -23"><span class='ocrx_word' id='word_1_201' title='bbox 356 3550 585 3616; x_wconf 89' lang='lat' dir='ltr'>remissionem</span> <span class='ocrx_word' id='word_1_202' title='bbox 599 3562 835 3636; x_wconf 84' lang='lat' dir='ltr'>peccatorum3</span> <span class='ocrx_word' id='word_1_203' title='bbox 858 3550 964 3615; x_wconf 88' lang='lat' dir='ltr'>carnis</span> <span class='ocrx_word' id='word_1_204' title='bbox 979 3550 1251 3615; x_wconf 88' lang='lat' dir='ltr'>resurrectionem</span> <span class='ocrx_word' id='word_1_205' title='bbox 1260 3547 1309 3614; x_wconf 78' lang='lat'>²⁸?</span> 
     </span>
    </p>

    <p class='ocr_par' dir='ltr' id='par_1_12' title="bbox 396 3653 633 3738">
     <span class='ocr_line' id='line_1_31' title="bbox 396 3653 633 3738; baseline 0.008 -20"><span class='ocrx_word' id='word_1_206' title='bbox 396 3654 491 3738; x_wconf 80' lang='lat' dir='ltr'>Resp.</span> <span class='ocrx_word' id='word_1_207' title='bbox 515 3653 633 3720; x_wconf 89' lang='lat' dir='ltr'>Credo.</span> 
     </span>
    </p>

    <p class='ocr_par' dir='ltr' id='par_1_13' title="bbox 395 3757 1346 3842">
     <span class='ocr_line' id='line_1_32' title="bbox 395 3757 1346 3842; baseline -0.001 -19"><span class='ocrx_word' id='word_1_208' title='bbox 395 3758 523 3824; x_wconf 81' lang='lat' dir='ltr'>Deinde</span> <span class='ocrx_word' id='word_1_209' title='bbox 529 3768 592 3842; x_wconf 85' lang='lat' dir='ltr'>per</span> <span class='ocrx_word' id='word_1_210' title='bbox 606 3759 755 3842; x_wconf 83' lang='lat' dir='ltr'>singulas</span> <span class='ocrx_word' id='word_1_211' title='bbox 769 3757 853 3824; x_wconf 82' lang='lat' dir='ltr'>vr&#39;ces</span> <span class='ocrx_word' id='word_1_212' title='bbox 867 3759 989 3841; x_wconf 80' lang='lat' dir='ltr'>mergis</span> <span class='ocrx_word' id='word_1_213' title='bbox 1002 3779 1075 3823; x_wconf 84' lang='lat' dir='ltr'>eum</span> <span class='ocrx_word' id='word_1_214' title='bbox 1091 3759 1186 3822; x_wconf 83' lang='lat' dir='ltr'>tertio</span> <span class='ocrx_word' id='word_1_215' title='bbox 1200 3757 1236 3820; x_wconf 82' lang='lat' dir='ltr'>in</span> <span class='ocrx_word' id='word_1_216' title='bbox 1250 3777 1346 3840; x_wconf 82' lang='lat' dir='ltr'>aqua.</span> 
     </span>
    </p>

    <p class='ocr_par' dir='ltr' id='par_1_14' title="bbox 352 3853 1451 4044">
     <span class='ocr_line' id='line_1_33' title="bbox 394 3853 1451 3947; baseline 0.001 -20"><span class='ocrx_word' id='word_1_217' title='bbox 394 3863 513 3928; x_wconf 78' lang='lat' dir='ltr'>Postea</span> <span class='ocrx_word' id='word_1_218' title='bbox 527 3884 600 3927; x_wconf 79' lang='lat' dir='ltr'>crem</span> <span class='ocrx_word' id='word_1_219' title='bbox 613 3862 796 3928; x_wconf 79' lang='lat' dir='ltr'>ascenderit</span> <span class='ocrx_word' id='word_1_220' title='bbox 806 3853 932 3945; x_wconf 86' lang='lat' dir='ltr'>a&#39;fonte</span> <span class='ocrx_word' id='word_1_221' title='bbox 946 3864 1060 3947; x_wconf 81' lang='lat' dir='ltr'>infans</span> <span class='ocrx_word' id='word_1_222' title='bbox 1072 3865 1225 3947; x_wconf 81' lang='lat' dir='ltr'>signatur</span> <span class='ocrx_word' id='word_1_223' title='bbox 1237 3883 1259 3926; x_wconf 82' lang='lat' dir='ltr'>a</span> <span class='ocrx_word' id='word_1_224' title='bbox 1267 3862 1451 3945; x_wconf 74' lang='lat' dir='ltr'>presbytero</span> 
     </span>
     <span class='ocr_line' id='line_1_34' title="bbox 352 3966 988 4044; baseline 0.003 -13"><span class='ocrx_word' id='word_1_225' title='bbox 352 3966 389 4031; x_wconf 84' lang='lat' dir='ltr'>e&#39;n</span> <span class='ocrx_word' id='word_1_226' title='bbox 401 3967 527 4032; x_wconf 79' lang='lat' dir='ltr'>cerebro</span> <span class='ocrx_word' id='word_1_227' title='bbox 540 3966 580 4032; x_wconf 84' lang='lat' dir='ltr'>de</span> <span class='ocrx_word' id='word_1_228' title='bbox 593 3966 776 4044; x_wconf 65' lang='lat' dir='ltr'>chrrssrmate,</span> <span class='ocrx_word' id='word_1_229' title='bbox 792 3966 845 4032; x_wconf 82' lang='lat' dir='ltr'>leis</span> <span class='ocrx_word' id='word_1_230' title='bbox 859 3968 966 4033; x_wconf 73' lang='lat' dir='ltr'>nerbas</span> <span class='ocrx_word' id='word_1_231' title='bbox 976 3989 988 4031; x_wconf 92' lang='lat'><em>:</em></span> 
     </span>
    </p>
   </div>
   <div class='ocr_carea' id='block_1_6' title="bbox 171 4085 1520 4812">
    <p class='ocr_par' dir='ltr' id='par_1_15' title="bbox 171 4085 1520 4812">
     <span class='ocr_line' id='line_1_35' title="bbox 171 4085 1449 4171; baseline 0.003 -24"><span class='ocrx_word' id='word_1_232' title='bbox 171 4098 231 4148; x_wconf 81' lang='lat' dir='ltr'>lm</span> <span class='ocrx_word' id='word_1_233' title='bbox 242 4100 323 4166; x_wconf 68' lang='lat' dir='ltr'>infra.</span> <span class='ocrx_word' id='word_1_234' title='bbox 397 4089 490 4154; x_wconf 89' lang='lat' dir='ltr'>Deus</span> <span class='ocrx_word' id='word_1_235' title='bbox 505 4089 725 4171; x_wconf 87' lang='lat' dir='ltr'>omnipotens,</span> <span class='ocrx_word' id='word_1_236' title='bbox 741 4088 838 4153; x_wconf 85' lang='lat' dir='ltr'>Pater</span> <span class='ocrx_word' id='word_1_237' title='bbox 854 4088 991 4153; x_wconf 89' lang='lat' dir='ltr'>Domini</span> <span class='ocrx_word' id='word_1_238' title='bbox 1014 4089 1117 4153; x_wconf 87' lang='lat' dir='ltr'>nostri</span> <span class='ocrx_word' id='word_1_239' title='bbox 1143 4089 1218 4153; x_wconf 89' lang='lat' dir='ltr'>lesu</span> <span class='ocrx_word' id='word_1_240' title='bbox 1242 4085 1377 4165; x_wconf 90' lang='lat' dir='ltr'>Christi,</span> <span class='ocrx_word' id='word_1_241' title='bbox 1393 4089 1449 4170; x_wconf 89' lang='lat' dir='ltr'>qui</span> 
     </span>
     <span class='ocr_line' id='line_1_36' title="bbox 176 4165 1450 4296; baseline -0.002 -38"><span class='ocrx_word' id='word_1_242' title='bbox 176 4165 251 4282; x_wconf 41' lang='grc' dir='ltr'>ἓξὲξ</span> <span class='ocrx_word' id='word_1_243' title='bbox 265 4245 320 4296; x_wconf 77' lang='lat'>253·</span> <span class='ocrx_word' id='word_1_244' title='bbox 353 4202 388 4258; x_wconf 85' lang='lat' dir='ltr'>te</span> <span class='ocrx_word' id='word_1_245' title='bbox 403 4193 607 4276; x_wconf 87' lang='lat' dir='ltr'>regeneravit</span> <span class='ocrx_word' id='word_1_246' title='bbox 627 4213 672 4257; x_wconf 88' lang='lat' dir='ltr'>ex</span> <span class='ocrx_word' id='word_1_247' title='bbox 694 4211 781 4276; x_wconf 87' lang='lat' dir='ltr'>aqua</span> <span class='ocrx_word' id='word_1_248' title='bbox 802 4202 837 4257; x_wconf 90' lang='lat' dir='ltr'>et</span> <span class='ocrx_word' id='word_1_249' title='bbox 860 4190 983 4275; x_wconf 90' lang='lat' dir='ltr'>Spiritu</span> <span class='ocrx_word' id='word_1_250' title='bbox 1001 4202 1130 4267; x_wconf 89' lang='lat' dir='ltr'>saneto,</span> <span class='ocrx_word' id='word_1_251' title='bbox 1145 4192 1267 4276; x_wconf 89' lang='lat' dir='ltr'>quique</span> <span class='ocrx_word' id='word_1_252' title='bbox 1282 4191 1374 4256; x_wconf 88' lang='lat' dir='ltr'>dedit</span> <span class='ocrx_word' id='word_1_253' title='bbox 1389 4193 1450 4257; x_wconf 93' lang='lat' dir='ltr'>tibi</span> 
     </span>
     <span class='ocr_line' id='line_1_37' title="bbox 174 4293 1451 4409; baseline -0.003 -48"><span class='ocrx_word' id='word_1_254' title='bbox 174 4295 305 4409; x_wconf 46' lang='lat' dir='ltr'>thrbgit·</span> <span class='ocrx_word' id='word_1_255' title='bbox 355 4297 579 4361; x_wconf 89' lang='lat' dir='ltr'>remissionem</span> <span class='ocrx_word' id='word_1_256' title='bbox 594 4295 743 4361; x_wconf 88' lang='lat' dir='ltr'>omnium</span> <span class='ocrx_word' id='word_1_257' title='bbox 758 4305 980 4380; x_wconf 88' lang='lat' dir='ltr'>peccatorum,</span> <span class='ocrx_word' id='word_1_258' title='bbox 991 4295 1064 4379; x_wconf 87' lang='lat' dir='ltr'>ipse</span> <span class='ocrx_word' id='word_1_259' title='bbox 1077 4307 1112 4360; x_wconf 90' lang='lat' dir='ltr'>te</span> <span class='ocrx_word' id='word_1_260' title='bbox 1123 4295 1195 4359; x_wconf 89' lang='lat' dir='ltr'>linit</span> <span class='ocrx_word' id='word_1_261' title='bbox 1201 4293 1227 4333; x_wconf 80' lang='lat'>²⁹</span> <span class='ocrx_word' id='word_1_262' title='bbox 1239 4295 1415 4360; x_wconf 87' lang='lat' dir='ltr'>chrismate</span> <span class='ocrx_word' id='word_1_263' title='bbox 1424 4295 1451 4335; x_wconf 77' lang='lat'>⁸⁰</span> 
     </span>
     <span class='ocr_line' id='line_1_38' title="bbox 174 4362 1452 4495; baseline -0.002 -31"><span class='ocrx_word' id='word_1_264' title='bbox 174 4362 329 4495; x_wconf 47' lang='lat' dir='ltr'>pfflkff</span> <span class='ocrx_word' id='word_1_265' title='bbox 354 4398 469 4464; x_wconf 90' lang='lat' dir='ltr'>salutis</span> <span class='ocrx_word' id='word_1_266' title='bbox 482 4400 514 4462; x_wconf 91' lang='lat' dir='ltr'>in</span> <span class='ocrx_word' id='word_1_267' title='bbox 526 4398 661 4465; x_wconf 91' lang='lat' dir='ltr'>Christo</span> <span class='ocrx_word' id='word_1_268' title='bbox 671 4399 747 4464; x_wconf 89' lang='lat' dir='ltr'>Iesu</span> <span class='ocrx_word' id='word_1_269' title='bbox 758 4399 907 4464; x_wconf 88' lang='lat' dir='ltr'>Domino</span> <span class='ocrx_word' id='word_1_270' title='bbox 919 4396 1065 4464; x_wconf 79' lang='lat' dir='ltr'>nostro³¹</span> <span class='ocrx_word' id='word_1_271' title='bbox 1079 4399 1223 4462; x_wconf 89' lang='lat' dir='ltr'>invitam</span> <span class='ocrx_word' id='word_1_272' title='bbox 1236 4406 1417 4463; x_wconf 89' lang='lat' dir='ltr'>aeternam.</span> <span class='ocrx_word' id='word_1_273' title='bbox 1431 4425 1452 4481; x_wconf 88' lang='grc' dir='ltr'>γ</span> 
     </span>
     <span class='ocr_line' id='line_1_39' title="bbox 354 4502 594 4587; baseline 0.017 -21"><span class='ocrx_word' id='word_1_274' title='bbox 354 4502 449 4587; x_wconf 79' lang='lat' dir='ltr'>Resp.</span> <span class='ocrx_word' id='word_1_275' title='bbox 472 4502 594 4570; x_wconf 90' lang='lat' dir='ltr'>Arnen.</span> 
     </span>
     <span class='ocr_line' id='line_1_40' title="bbox 352 4622 1520 4717; baseline -0.002 -28"><span class='ocrx_word' id='word_1_276' title='bbox 352 4708 356 4717; x_wconf 30' lang='grc' dir='ltr'>Ι</span> <span class='ocrx_word' id='word_1_277' title='bbox 397 4624 524 4690; x_wconf 79' lang='lat' dir='ltr'>Deinde</span> <span class='ocrx_word' id='word_1_278' title='bbox 546 4625 587 4689; x_wconf 83' lang='lat' dir='ltr'>ab</span> <span class='ocrx_word' id='word_1_279' title='bbox 611 4624 749 4708; x_wconf 77' lang='lat' dir='ltr'>epe‘scepe</span> <span class='ocrx_word' id='word_1_280' title='bbox 771 4623 874 4688; x_wconf 81' lang='lat' dir='ltr'>datur</span> <span class='ocrx_word' id='word_1_281' title='bbox 894 4625 942 4688; x_wconf 86' lang='lat' dir='ltr'>eis</span> <span class='ocrx_word' id='word_1_282' title='bbox 965 4623 1113 4707; x_wconf 81' lang='lat' dir='ltr'>Spiritus</span> <span class='ocrx_word' id='word_1_283' title='bbox 1132 4624 1339 4706; x_wconf 70' lang='lat' dir='ltr'>septrforma‘r.</span> <span class='ocrx_word' id='word_1_284' title='bbox 1393 4622 1453 4688; x_wconf 84' lang='lat' dir='ltr'>Ad</span> <span class='ocrx_word' id='word_1_285' title='bbox 1463 4632 1520 4689; x_wconf 82' lang='lat'>571</span> 
     </span>
     <span class='ocr_line' id='line_1_41' title="bbox 354 4721 1428 4812; baseline -0.001 -20"><span class='ocrx_word' id='word_1_286' title='bbox 354 4727 606 4812; x_wconf 64' lang='lat' dir='ltr'>conregnandum</span> <span class='ocrx_word' id='word_1_287' title='bbox 620 4727 758 4810; x_wconf 79' lang='lat' dir='ltr'>imponit</span> <span class='ocrx_word' id='word_1_288' title='bbox 769 4727 818 4793; x_wconf 82' lang='lat' dir='ltr'>eis</span> <span class='ocrx_word' id='word_1_289' title='bbox 832 4749 968 4793; x_wconf 84' lang='lat' dir='ltr'>manum</span> <span class='ocrx_word' id='word_1_290' title='bbox 983 4729 1018 4793; x_wconf 84' lang='lat' dir='ltr'>in</span> <span class='ocrx_word' id='word_1_291' title='bbox 1032 4726 1086 4792; x_wconf 73' lang='lat' dir='ltr'>leis</span> <span class='ocrx_word' id='word_1_292' title='bbox 1100 4723 1264 4792; x_wconf 77' lang='lat' dir='ltr'>verbis³²t</span> <span class='ocrx_word' id='word_1_293' title='bbox 1425 4721 1428 4727; x_wconf 74' lang='grc'><strong>’</strong></span> 
     </span>
    </p>
   </div>
   <div class='ocr_carea' id='block_1_7' title="bbox 0 0 1688 5828">
    <p class='ocr_par' dir='ltr' id='par_1_16' title="bbox 0 0 1688 5828">
     <span class='ocr_line' id='line_1_42' title="bbox 0 0 1688 5828; baseline 0 0"><span class='ocrx_word' id='word_1_294' title='bbox 0 0 1688 5828; x_wconf 95' lang='lat' dir='ltr'> </span> 
     </span>
    </p>
   </div>
  </div>
 </body>
</html>
