3352 5828
665 815 895 874 APPENDIX.

337 982 420 1043 Haec
441 1000 524 1042 sacra
544 998 606 1042 nos·
619 980 696 1043 Dne.
716 981 829 1060 potenti
849 981 952 1040 virtute

336 1081 478 1143 VD..Cui
499 1081 648 1160 proprium
668 1090 712 1140 est
733 1099 769 1141 ac
790 1079 936 1159 singtdare

338 1179 535 1260 Suscipiamus
556 1179 630 1240 Dne.
651 1177 887 1240 misericordiam·
901 1189 981 1240 tuam

238 1387 385 1449 Orationes
404 1390 435 1448 de
454 1387 583 1448 Adventu
603 1385 740 1469 (Domini
757 1385 808 1468 R.)
828 1389 998 1465 quotidianis
1018 1386 1110 1446 diibus
1129 1386 1171 1445 od
1189 1383 1322 1446 Missam.
1356 1397 1433 1451 corb.

337 1502 375 1564 D.
396 1505 445 1583 qui
465 1504 609 1583 conspicis
628 1505 697 1583 qnia
718 1505 749 1563 in
770 1514 821 1564 tua
840 1505 947 1582 pietate
1356 1479 1382 1530 μ
1395 1477 1450 1515 ’⁰²‘

339 1601 494 1663 Subveniat
514 1601 599 1662 nobis
618 1599 695 1661 Dne.
716 1600 919 1663 misericordia

338 1699 428 1761 Grata
447 1700 499 1761 tibi
518 1700 578 1759 sint·
593 1699 669 1760 Dne.
689 1716 813 1759 munera
834 1700 941 1777 quibus

338 1797 386 1860 Da
405 1816 433 1878 q.
455 1816 483 1859 c.
503 1796 541 1858 D.
563 1807 684 1858 cunctae
704 1796 831 1858 familiae
851 1807 918 1859 tuae

644 2004 715 2065 Item
735 2005 796 2065 oon
815 2003 922 2065 Mina

338 2117 442 2178 Excita
462 2117 537 2177 Dne.
558 2117 720 2196 potentiam
741 2126 821 2176 tuam
842 2127 871 2177 et
890 2117 956 2176 veni
976 2127 1008 2176 ut
1030 2129 1078 2177 tua

339 2216 454 2277 Festina
474 2234 511 2276 ne
532 2215 688 2276 tardaveris
708 2213 785 2278 Dne.
805 2212 844 2274 D.
865 2224 966 2276 noster

340 2313 462 2375 Intende
482 2333 511 2393 q.
532 2313 608 2379 Due.
630 2313 804 2374 sacrificium
825 2313 970 2391 singulare

340 2413 409 2473 Hcs
430 2429 503 2492 quos
523 2411 619 2473 reicis
639 2409 716 2471 Dne.
737 2411 925 2472 sacramentis

343 2726 513 2788 Exultemus
534 2746 562 2805 q.
583 2726 659 2787 Dne.
681 2725 720 2787 D.
740 2738 841 2788 noster
859 2746 964 2788 omnes
985 2728 1056 2789 recti
1077 2728 1165 2789 corde

344 2824 404 2887 Fac
424 2844 480 2887 nos
500 2823 576 2886 Dne.
597 2844 626 2903 q.
646 2825 724 2886 mala
743 2835 844 2886 nostra
864 2836 928 2886 toto
948 2827 1037 2888 corde

344 2922 480 2986 Concede
500 2943 529 3002 q.
551 2942 579 2984 c.
599 2922 638 2982 D.
659 2935 691 2984 nt
710 2921 796 2985 huius
816 2923 948 2985 sacrificii

345 3021 482 3100 Spiritum
502 3022 533 3082 in
553 3021 639 3082 nobis
659 3020 736 3084 Dne.
759 3031 826 3083 tuae
846 3024 972 3085 caritatis

344 3119 449 3182 Preces
469 3119 569 3199 populi
589 3120 629 3179 tui
650 3138 679 3197 q.
700 3139 729 3180 c.
751 3118 789 3181 D.
810 3119 981 3204 clementer]

558 3318 645 3378 Alios
664 3323 802 3380 orationes
822 3322 854 3380 de
874 3321 1013 3382 Adventu.

325 3434 481 3496 chncede
500 3452 528 3511 q.
550 3453 578 3495 o.
598 3434 636 3495 D.
658 3447 689 3495 nt
710 3454 835 3513 magnae

344 3530 460 3592 Montes
480 3541 593 3592 nostras
613 3549 642 3610 q.
662 3531 739 3592 Dne.
759 3533 869 3593 lumine

344 3629 450 3690 Preces
469 3629 570 3708 populi
590 3631 630 3690 tui
651 3648 680 3709 q.
701 3629 777 3692 Dne.
798 3631 956 3692 clementer

343 3727 462 3788 Praesta
482 3746 510 3805 q.
531 3747 559 3789 c.
580 3727 617 3788 D.
638 3740 670 3788 ut
690 3728 754 3807 iiiii
775 3730 828 3816 tui·

345 3825 484 3887 Concede
503 3844 533 3903 q.
553 3846 581 3888 c.
603 3825 642 3887 D.
662 3838 694 3888 ut
714 3829 784 3906 quia
805 3829 860 3888 snb
879 3829 993 3906 peccati

345 3921 399 4007 [Q.
420 3943 449 3985 c.
469 3924 508 3984 D.
527 3943 629 4004 preces
646 3923 778 4008 nostras]

347 4018 519 4104 [sConcede
538 4042 568 4101 q.
588 4042 616 4084 c.
637 4023 675 4085 D.
698 4024 774 4086 hanc
796 4020 935 4107 gratiam]

345 4117 437 4204 [Voci
456 4133 572 4182 nostrae
592 4141 621 4202 q.
642 4121 718 4182 Dne.
740 4141 825 4184 aures
845 4134 913 4184 tuae
932 4122 1062 4207 pietatis]
1095 4138 1099 4145 ’

346 4216 497 4301 [sPorrige
517 4221 602 4283 nobis
622 4220 699 4283 Dne.
720 4222 869 4283 dexteram
889 4234 956 4283 tuae
976 4220 1181 4307 venerationis]

345 4314 539 4400 [Festinantes
559 4336 586 4380 o.
607 4318 646 4379 D.
667 4320 697 4379 in
718 4317 886 4404 occursum]

349 4413 499 4499 [sPrnesta
519 4437 547 4496 q.
567 4408 656 4478 ο.Ἰ).
676 4428 709 4479 ct
729 4420 800 4498 quia
820 4436 874 4497 pro
894 4417 1034 4502 monada]

350 4512 420 4598 [sD.
441 4516 491 4594 qui
511 4515 687 4595 nos(tsami)
709 4517 855 4596 conspicis
876 4515 1007 4600 semper]

351 4609 495 4696 [eddestn
513 4632 542 4691 q.
562 4633 590 4674 o.
611 4613 649 4674 D.
670 4625 760 4694 atque
780 4617 811 4675 in
832 4613 959 4699 cunctis]

466 4810 524 4894 [vn
539 4811 585 4874 ro.
606 4813 674 4874 Dec.
700 4814 760 4874 oo.
782 4814 813 4875 s.
831 4816 963 4875 nnana.
982 4817 1115 4894 Apono:
1193 4782 1198 4791 ’

349 4927 486 5006 Protegat
506 4947 560 4989 nce
580 4929 655 4989 Dne.
677 4930 795 5007 saepius
815 4931 844 4990 b.
865 4930 1003 4992 Andreae

350 5027 560 5104 indulgentiam
581 5029 667 5089 nobis
687 5030 848 5107 praebeant
869 5030 941 5090 haec
963 5048 1085 5090 munera

348 5124 473 5187 Adiuvet
493 5125 629 5187 familiam
650 5137 731 5187 tunm
752 5128 803 5187 tibi
825 5127 901 5189 Dne.
922 5126 1127 5211 supplicando]
1189 5175 1213 5185 ..
