3352 5828
292 366 312 429 6
577 371 705 426 LIBER
726 367 1112 426 SACRAMENTORUM
1312 363 1346 431 [l.
1357 366 1392 416 vi.

111 552 179 603 Rs.
336 536 559 620 Omnipotens
576 536 773 621 sempiterne
794 534 896 612 Deus,
910 543 1038 600 creator
1052 532 1218 598 humanae
1234 531 1393 598 reforma·

110 618 188 737 ἓξὲξ)
196 629 251 736 1⁷88
292 650 411 725 torque
431 651 577 715 naturae,
592 660 694 724 quam
718 639 919 722 Unigenitus
940 647 1018 703 tuus
1039 638 1072 701 in
1094 649 1189 704 utero
1211 646 1392 721 perpetuae

293 745 493 830 virginitatis
517 744 707 829 assumpsit,
734 744 858 828 respice
884 763 945 808 nos
970 741 1142 828 propitius,
1168 752 1216 815 ut.
1243 740 1319 805 Filii
1341 740 1391 807 tui

293 849 518 915 incarnatione
548 857 712 934 suscepta,
750 848 834 913 inter
875 846 977 931 ipsius
1021 866 1204 912 mereamur
1241 845 1393 910 membra

294 954 469 1019 numerari.
515 953 578 1018 Per
592 953 743 1020 eundem

111 1108 143 1158 R.
155 1107 182 1160 s,
337 1084 441 1162 Deus,
452 1082 509 1167 qui
517 1081 697 1147 nativitatis
707 1090 783 1147 tuae
795 1079 955 1146 exordia⁹
971 1101 1030 1164 pro
1045 1089 1159 1146 nostra
1172 1079 1393 1145 necessarium

112 1174 187 1227 Gerb.
200 1185 224 1241 ⁷·
293 1185 477 1252 salvatione
498 1185 634 1263 duxisti,
660 1185 785 1270 respice
806 1205 868 1250 nos
889 1184 1069 1269 propitius;
1098 1193 1132 1249 et
1160 1203 1246 1267 quos
1267 1183 1393 1248 similes

294 1291 337 1356 ad
362 1290 541 1375 imaginem
568 1298 661 1355 tuam
688 1288 801 1369 iecisti,
823 1289 997 1354 similiores
1018 1289 1250 1354 observatione
1271 1287 1393 1373 perfice

295 1396 540 1461 mandatorum.
586 1393 658 1459 Per.

327 1547 379 1602 ¹S.
398 1548 476 1600 Gerb.
496 1547 572 1599 insert
593 1553 634 1598 est
733 1544 855 1612 ’stoicis
889 1546 1163 1604 scariensem:
1185 1546 1298 1598 V.RS.
1316 1546 1393 1601 Gerb.

295 1621 392 1665 ostext.
505 1612 819 1674 ⁸..3Geeramomltde
865 1612 1065 1664 .R.S.utext.
1166 1611 1394 1663 ‘arbmacrucr'r

289 1678 538 1796 ffqum
484 1744 559 1795 Ger.
572 1677 764 1794 nsaw»
779 1677 1003 1805 sffkobtr‘sfm
954 1676 1393 1809 quaemuszmwatososs

293 1816 413 1860 consortes
432 1810 509 1861 Gerb.
528 1808 670 1874 (following
684 1806 743 1869 8¹..)
754 1809 843 1869 Ριιι;
858 1808 891 1859 V.
904 1809 935 1860 R
949 1759 1048 1873 (8¹
994 1811 1016 1865 il
1029 1816 1129 1862 ootext
1195 1807 1311 1860 'Gerb'
1304 1818 1393 1859 inserts

293 1875 466 2003 (lumklgffi
476 1813 538 1992 penge}
548 1874 591 1925 the
601 1875 701 1926 Colleet
711 1882 737 1925 ot
742 1874 876 1941 particeps
974 1873 1131 1925 ’morrono
1142 1872 1173 1926 S¹
1184 1873 1277 1936 Gerb
1292 1874 1394 1924 exordio

816 2131 874 2186 vn

435 2266 479 2330 ln
503 2266 650 2331 Nasam
674 2279 807 2332 sanem
831 2266 1023 2333 smmum
1046 2268 1257 2334 Manmnrs.

660 2404 712 2468 vii
731 2403 814 2470 Kal.
835 2403 1024 2470 Ianuarias.

113 2574 181 2626 ns
337 2554 560 2639 Omnipotens
583 2552 737 2622 aeteme¹
760 2557 861 2636 Deus,
883 2557 939 2642 qui
961 2557 1125 2641 primitias
1148 2567 1331 2642 martyrum
1363 2558 1397 2622 in

113 2639 192 2690 Gerb.
203 2639 228 2689 8.

112 2705 184 2756 Ριιι
199 2705 253 2769 189.

113 2770 192 2886 m
185 2770 311 2834 ...383
299 2782 524 2845 quaesumus,
540 2772 577 2827 ut
597 2783 659 2846 pro
674 2763 792 2829 nobis
783 2772 978 2830 intercessor
989 2763 1161 2844 assistat⁴,
1175 2767 1232 2850 qui
1251 2786 1313 2850 pro
1328 2766 1397 2831 suis
1411 2775 1469 2832 498

114 2897 274 2968 (8888888888
298 2864 401 2930 etiam
416 2867 678 2950 persecutoribus
692 2866 921 2952 supplicavit⁵.
965 2868 1073 2950 Peny

296 2658 425 2725 sancti²
471 2658 590 2725 levitae
633 2659 796 2744 Stephani
834 2657 1017 2745 sanguine⁸
1060 2661 1233 2741 dedicasti,
1276 2660 1396 2741 tribue,

344 2998 489 3073 Praesta,
514 3018 725 3082 quaesumus,
754 3000 963 3084 omnipotens
986 3001 1089 3081 Deus,
1115 3011 1154 3067 ut
1176 3001 1263 3066 sicut
1286 3001 1399 3067 divina

298 3100 472 3166 laudamus
516 3100 550 3165 in
592 3103 698 3168 sancti
735 3100 895 3186 Stephani
936 3105 1090 3186 passione
1133 3104 1310 3188 magnalia,
1350 3106 1397 3171 sic

296 3202 532 3288 indulgentiam
549 3213 640 3270 tuam
656 3205 718 3288 piis
732 3205 802 3270 eius
816 3206 969 3289 precibus
983 3227 1206 3290 assequamur.
1252 3208 1323 3273 Per.

116 3342 141 3395 S
358 3335 505 3416 Praesta,
549 3357 756 3421 quaesumus,
798 3339 1011 3422 omnipotens
1055 3340 1159 3416 Deus,
1199 3349 1238 3406 ut
1278 3341 1398 3409 beatus

115 3407 264 3538 &33³
301 3438 495 3524 Stephanus
530 3440 630 3505 levita
667 3441 869 3524 magnificus,
898 3443 983 3508 sicut
1019 3454 1099 3509 ante
1133 3443 1218 3511 alios
1250 3445 1398 3512 imitator

300 3543 498 3608 Dominicae
520 3544 682 3627 passionis
708 3555 742 3611 et
764 3545 899 3630 pietatis
920 3547 1047 3628 enituit,
1070 3547 1118 3613 ita
1139 3549 1182 3615 sit
1211 3547 1398 3635 fragilitatis

299 3656 431 3713 nostrae
446 3656 621 3732 promptus
636 3648 776 3714 adiutor.
821 3649 892 3715 Per.

778 3804 923 3862 Secreta.

117 3931 149 3982 R
161 3929 189 3982 s
344 3902 450 3970 Grata
469 3904 531 3970 tibi
549 3905 624 3983 sint,
647 3906 801 3985 Domine,
822 3929 968 3989 munera,
983 3929 1196 3994 quaesumus,
1211 3912 1398 3980 devotionis

117 3996 194 4113 {³32
203 3997 258 4126 888
299 4007 489 4085 hodiernae,
505 4028 591 4092 quae
605 4011 697 4075 beati
714 4009 874 4097 Stephani
894 4015 1048 4097 martyris
1064 4015 1112 4079 tui
1126 4019 1399 4085 commemoratio

118 4127 195 4178 uon.
208 4128 264 4191 388
299 4112 443 4196 gloriosa
458 4112 634 4197 depromit.
681 4113 750 4179 Per.
1271 4146 1273 4151 >

726 4268 976 4328 Postoommun.

119 4384 188 4436 res,
357 4365 513 4433 Gratias⁸
556 4369 695 4453 agimus,
740 4371 896 4448 Domine,
942 4371 1167 4457 multiplicatis
1212 4375 1298 4442 circa
1339 4398 1403 4444 nos

121 4455 260 4598 ἐξώλη
303 4470 569 4538 miserationibus
590 4473 664 4550 tuis,
688 4473 745 4556 qui
771 4486 806 4542 et
829 4475 906 4540 Filii
929 4477 978 4541 tui
1003 4478 1176 4544 nativitate
1198 4500 1260 4546 nos
1282 4479 1404 4562 salvas,

119 4607 197 4725 8888
207 4547 440 4741 &gmegolpeati
456 4576 610 4660 martyris
625 4575 808 4663 Stephani*
822 4580 1054 4666 deprecatione
1069 4591 1239 4650 sustentas.
1286 4585 1358 4654 Per.
