3352 5828
263 762 297 815 11.
307 760 373 828 ain]
568 759 781 819 ROMANAE
801 760 1045 819 ECCLESIAE.
1294 756 1355 840 169

295 924 304 956 ¹
319 931 462 976 emmor
472 923 514 988 8¹3
528 931 672 977 soram
683 925 712 977 S’
722 925 796 978 Gerb
906 923 918 955 ²
933 925 1000 977 Non.
1012 926 1133 986 Martias,
1146 942 1175 978 so
1185 925 1218 978 V.
1232 928 1357 994 (ungam-

262 990 410 1055 mstionlly).
483 991 494 1020 ⁸
510 991 633 1042 deuotione
643 991 736 1052 leonr
753 991 784 1043 V.
797 991 823 1042 S.
835 991 910 1042 Gerb.
922 1007 951 1042 u
961 999 1021 1042 text.
1095 992 1105 1022 ⁴
1121 991 1356 1043 herrisiensem

254 1055 434 1122 frequentibus
447 1055 566 1123 obsequiis
579 1072 722 1107 munus
732 1056 780 1117 V.;
795 1056 823 1107 S.
835 1058 910 1108 Gerb.
922 1056 999 1107 leon.
1010 1073 1038 1107 u
1047 1063 1108 1108 text
1241 1059 1252 1089 ⁸
1267 1057 1297 1109 S‘
1308 1058 1358 1108 rod

263 1120 340 1173 Gerb-
359 1122 435 1172 inrert
453 1131 484 1171 er.
516 1122 571 1174 The
589 1121 697 1174 laeonlne
713 1122 777 1173 iorm
793 1132 905 1174 conum
920 1122 980 1188 only
996 1123 1039 1174 the
1057 1138 1129 1174 name
1146 1123 1175 1174 oi
1187 1123 1213 1175 S.
1232 1123 1357 1176 Felicitas

262 1188 274 1219 ⁸
290 1187 367 1238 leon.
378 1187 467 1238 losens
475 1187 536 1238 turi.

760 1429 854 1486 nv.

276 1560 320 1625 In
335 1558 668 1625 Annuurrnnoue
687 1573 857 1626 sancino
874 1561 1029 1627 Mamas
1045 1573 1186 1628 unrms
1200 1529 1350 1627 Domui

578 1677 714 1730 nosrm
742 1664 830 1732 Iaso
853 1664 1010 1731 Cnmsn
1024 1663 1045 1728 ¹.

656 1786 720 1851 viii
739 1785 821 1851 Kal.
836 1785 977 1870 Apriles.

311 1922 444 1988 Exaudi
468 1945 538 2003 nos,
558 1924 706 1989 Domine
728 1933 851 2002 sancte,
871 1924 971 1990 Pater
993 1924 1212 2009 omnipotens,
1227 1934 1361 1991 aeterne
1385 1937 1410 1991 s„

268 2025 369 2105 Deus,
390 2027 446 2111 qui
472 2047 532 2112 per
556 2026 675 2094 beatae
696 2027 822 2093 Mariae
846 2028 928 2092 sacri
952 2025 1058 2093 uteri⁸
1081 2028 1213 2094 divinae
1235 2029 1361 2114 gratiae
1385 2004 1514 2121 ἓξᾞ

266 2130 554 2197 obumbrationem
585 2132 774 2197 universum
805 2133 965 2197 mundum
995 2131 1176 2197 illuminare
1205 2134 1361 2219 dignatus
1385 2148 1499 2252 &sm

267 2253 322 2312 es;
346 2234 554 2301 maiestatem
570 2244 663 2301 tuam
679 2234 843 2318 supplices
858 2254 1035 2301 exoramus
1044 2233 1069 2312 ³,
1085 2244 1122 2301 ut
1137 2237 1228 2320 quod
1242 2236 1361 2302 nostris
1385 2263 1455 2316 (salt
1465 2236 1521 2331 ⁸03

267 2337 392 2402 meritis
413 2358 479 2403 non
501 2339 651 2404 valemus
670 2338 829 2417 obtinere,
851 2338 921 2403 eius
940 2338 1077 2423 adipisci
1102 2339 1269 2422 praesidiis
1292 2361 1361 2406 me·

267 2461 407 2508 reamur.
453 2443 526 2509 Per.

311 2560 388 2627 ⁴Te
424 2582 634 2646 quaesumus,
672 2563 824 2638 Domine,
861 2562 1067 2642 famulantes,
1104 2583 1202 2647 prece
1246 2565 1362 2630 humili
1387 2577 1508 2629 ctSm.

269 2665 429 2730 auxilium
453 2666 676 2751 implorantes,
701 2667 761 2733 utl
784 2668 901 2733 beatae
923 2687 1054 2750 semper
1076 2667 1210 2751 virginis
1237 2669 1363 2734 Mariae
1388 2643 1455 2695 ⁶⁸¹²
1468 2645 1524 2708 ⁸⁰⁹*

271 2790 332 2834 nos
343 2771 464 2854 gaudia
478 2771 677 2836 comitentur
689 2771 875 2850 solemniis3
898 2771 989 2836 cuius
1000 2772 1174 2853 praeconia
1188 2791 1226 2836 ac
1239 2774 1363 2838 meritis

271 2882 383 2938 nostra
405 2873 576 2939 deleantur
589 2874 806 2958 chirographa
816 2883 1024 2960 peccatorum
1039 2896 1046 2938 :
1068 2882 1169 2958 atque
1180 2875 1363 2960 rubiginem

271 2975 431 3041 scelerum
446 2977 684 3042 moliviciorum
700 2980 774 3062 igne
791 2975 1055 3061 compunctionis
1074 2977 1122 3042 tui
1140 2997 1253 3043 amore
1269 2999 1363 3044 mun·

270 3079 388 3144 demur
402 3080 539 3145 incursu.
584 3081 655 3146 Per.

198 3180 257 3238 848
743 3176 887 3233 monta

313 3285 512 3354 Oblationes
556 3295 695 3367 nostras,
730 3309 937 3373 quaesumus,
975 3291 1129 3369 Domine,
1165 3290 1363 3375 propitiatus
1388 3305 1413 3357 s.

269 3391 411 3466 intende,
426 3411 509 3475 quas
524 3392 558 3456 in
573 3392 696 3457 honore
711 3393 829 3457 beatae
846 3402 880 3457 et
898 3392 1060 3477 gloriosae
1080 3414 1210 3478 semper
1227 3395 1364 3478 virginis
1388 3372 1465 3423 Μ·
1479 3385 1519 3435 ³¹·

269 3492 333 3558 Dei
362 3494 528 3577 genitricis
558 3495 685 3559 Mariae
713 3514 823 3560 annua
853 3496 1063 3562 solemnitate
1098 3498 1295 3563 deserimus:
1329 3507 1363 3562 et

269 3605 462 3662 coaeternus
474 3596 615 3681 Spiritus
628 3596 768 3664 Sanctus
783 3608 869 3677 tuus,
879 3601 938 3683 qui
952 3599 1039 3664 illius
1052 3600 1175 3665 viscera
1189 3600 1365 3684 splendore

218 3742 223 3751 -
270 3721 349 3765 suae
362 3700 489 3784 gratiae
503 3700 674 3766 veritatis⁸
693 3701 839 3786 replevit,
854 3723 915 3767 nos
934 3703 978 3767 ab
998 3704 1091 3768 omni
1107 3703 1249 3768 facinore
1263 3702 1363 3769 delic-

271 3814 381 3868 torum
398 3805 555 3869 emundet
570 3803 740 3889 benignus.
786 3805 858 3871 Per.

694 3977 942 4033 Postoommun

317 4087 412 4172 Quos
439 4087 581 4167 caelesti,
606 4087 760 4168 Domine,
789 4089 949 4155 alimento
977 4089 1114 4168 satiasti,
1144 4090 1366 4157 intercedente
1389 4107 1543 4161 &eumd

273 4193 372 4257 beata
394 4201 429 4257 et
452 4192 595 4275 gloriosa
617 4212 812 4278 semperque
832 4193 957 4276 virgine
981 4193 1046 4259 Dei
1069 4195 1228 4279 genitrice
1249 4195 1363 4272 Maria,
1392 4188 1448 4238 ¹0²,
1463 4188 1517 4239 ὀὗ

273 4295 317 4361 ab
341 4296 430 4361 omni
451 4316 521 4372 nos,
536 4316 745 4379 quaesumus,
760 4296 959 4361 adversitate
981 4298 1121 4364 custodi.
1165 4299 1228 4363 Per
1249 4300 1366 4364 Domi·

274 4420 364 4465 num.
387 4428 408 4482 γ

590 4528 768 4587 Orationes
789 4530 834 4586 ad
854 4543 1043 4600 vesperum

319 4641 443 4705 Beatae
472 4651 505 4706 et
529 4640 691 4725 gloriosae
719 4662 915 4727 semperque
941 4643 1076 4726 virginis
1106 4644 1172 4708 Dei
1200 4642 1366 4728 genitricis
1390 4660 1416 4712 s.

275 4743 400 4808 Mariae
422 4765 492 4819 nos,
508 4743 660 4823 Domine,
675 4765 882 4828 quaesumus,
902 4747 1019 4812 merita
1041 4744 1311 4832 prosequantur⁷,
1330 4757 1364 4813 et
1389 4726 1517 4856 {2⁸2²

273 4856 366 4913 tuam
382 4847 478 4912 nobis
492 4846 726 4932 indulgentiam
736 4869 867 4934 semper
876 4848 1062 4933 implorent
1096 4850 1159 4915 Per
1173 4851 1363 4917 Dominum.

317 4968 441 5034 Beatae
466 4979 500 5034 et
525 4969 686 5052 gloriosae
708 4968 925 5055 semperque⁸
947 4971 1082 5057 virginis
1109 4971 1174 5036 Dei
1198 4971 1364 5056 genitricis
1388 4989 1415 5041 s.

273 5072 407 5152 Mariae,
447 5093 652 5158 quaesumus,
693 5075 902 5158 omnipotens
938 5075 1040 5153 Deus,
1078 5077 1266 5143 intercessio
1301 5097 1361 5142 nos
1389 5056 1519 5118 ΜΨ·
