3352 5828
314 742 336 797 1.
345 743 449 814 nna]
623 745 841 830 narratura
856 745 1099 806 accrasma.
1360 757 1403 825 49

312 908 446 975 saeculo
465 917 534 986 tuo,
548 918 581 975 et
601 909 718 976 beatae
739 910 979 978 immortalitati
1000 910 1134 978 victuris
1143 908 1183 974 ¹⁴.
1228 910 1283 977 Da
1304 910 1404 996 igitur

313 1012 474 1079 honorem
495 1014 680 1080 advenienti
702 1013 839 1100 Spiritui
858 1025 973 1082 sancto
994 1018 1053 1101 qui
1078 1037 1121 1082 ex
1133 1014 1160 1055 ¹⁶
1174 1035 1303 1080 summa
1320 1013 1403 1080 caeli

314 1115 425 1183 arce¹⁰
446 1118 655 1198 descendens,
677 1119 877 1203 perurrbatis
897 1120 1068 1186 fraudibus
1089 1120 1165 1196 tuis,
1184 1119 1295 1185 divino
1311 1118 1403 1184 fonte

314 1229 456 1306 purgata
483 1232 616 1306 pectora
624 1219 660 1301 ¹⁷,
689 1223 723 1288 id
751 1232 802 1288 est
830 1221 1044 1304 sanctificata,
1073 1224 1150 1290 Deo
1178 1221 1339 1307 templum
1367 1231 1403 1288 et

313 1323 464 1390 habitum
472 1322 500 1365 ¹⁸
514 1325 668 1410 perficiat,
686 1336 724 1392 ut
732 1322 759 1366 ¹⁰
772 1326 817 1392 ab
831 1326 985 1393 omnibus
999 1328 1132 1412 penitus
1146 1325 1290 1393 ιιοιιίἱεὀ
1308 1346 1402 1413 prae-

313 1428 485 1494 teritorum
504 1428 676 1494 criminum
695 1429 826 1496 liberati
846 1431 930 1496 servi
951 1430 1016 1495 Dei
1034 1433 1158 1514 gratias
1173 1430 1308 1514 perenni
1327 1429 1403 1495 Deo

314 1530 457 1598 reserant
485 1554 624 1620 semper,
651 1541 686 1600 et
717 1534 914 1601 benedicant
942 1554 1065 1600 nomen
1094 1536 1165 1600 eius
1193 1545 1344 1601 sanctum
1369 1535 1403 1599 in

314 1635 444 1703 saecula
487 1638 699 1703 saeculorum.
766 1639 830 1704 Per
873 1637 1055 1704 Dominum
1099 1649 1249 1705 nostrum
1294 1639 1404 1704 Iesum

315 1737 493 1818 Christum,
518 1740 575 1825 qui
601 1752 758 1808 venturus
781 1751 833 1807 est
858 1742 1002 1809 iudicare
1026 1743 1119 1808 vivos
1142 1751 1177 1809 et
1203 1751 1349 1808 mortuos
1369 1749 1405 1807 et

311 1843 477 1910 saeculum
492 1866 551 1931 per
564 1846 685 1929 ignem.
706 1865 729 1929 γ

669 1983 751 2050 Item
770 1993 866 2067 super
880 1984 1041 2068 seminas.

357 2103 451 2169 Deus
463 2102 875 2184 Abraham,Deus1saac,
890 2106 984 2171 Deus
1001 2104 1112 2183 Iacob,
1127 2106 1221 2171 Deus
1231 2106 1289 2190 qui
1298 2105 1404 2171 tribus
1430 2108 1462 2161 R

314 2204 450 2273 Israet²¹
466 2208 623 2274 monuisti
638 2219 672 2275 et
694 2207 879 2274 Susannam
895 2210 938 2274 de
953 2208 1037 2274 falso
1056 2209 1189 2275 crimine
1204 2209 1357 2288 liberasti,
1370 2218 1405 2274 te
1429 2174 1505 2290 ἓξὲξ
1513 2186 1574 2292 ,²32¹

313 2311 457 2397 supplex
472 2314 638 2398 deprecor,
653 2312 808 2392 Domine,
822 2322 861 2377 ut
882 2311 1001 2379 liberes
1022 2321 1056 2377 et
1078 2311 1139 2377 has
1160 2312 1299 2378 famulas
1320 2322 1405 2393 tuas,

314 2424 349 2480 et
363 2416 542 2500 perducere
557 2437 614 2482 eas
624 2413 651 2455 ²²
664 2417 809 2500 digneris
823 2416 867 2481 ad
881 2417 1022 2501 gratiam
1037 2417 1193 2502 baptismi
1210 2416 1268 2482 tui.
1289 2443 1310 2500 γ

358 2518 451 2605 Ergo
467 2517 649 2599 maledicte,
663 2529 821 2602 utsupra.

671 2658 752 2728 Item
772 2667 865 2741 super
885 2657 1049 2723 masmlos.

362 2775 529 2841 Exorcizo
553 2785 597 2853 te,
621 2777 788 2844 immunde
812 2779 943 2862 spiritus
951 2776 992 2857 ²³,
1016 2778 1050 2842 in
1076 2776 1209 2842 nomine
1233 2777 1349 2855 Patris,
1372 2785 1407 2842 et
1432 2785 1507 2839 cab.
1521 2799 1577 2850 πμ.

319 2878 405 2955 Filii,
419 2886 453 2944 et
472 2878 613 2965 Spiritus
628 2882 742 2958 sancti,
758 2888 796 2945 ut
811 2901 910 2945 exeas
933 2889 966 2946 et
986 2872 1119 2947 recedas
1140 2880 1184 2945 ab
1205 2880 1256 2946 his
1276 2879 1406 2945 famulis
1431 2852 1499 2968 {¹²²
1512 2856 1567 2902 ²⁰²·

316 2982 390 3047 Dei.
447 2983 524 3068 Ipse
554 2985 642 3048 enim
670 2983 732 3049 tibi
762 2986 912 3069 imperat,
941 2983 1125 3061 maledicte,
1155 2983 1322 3061 damnate,
1351 2983 1407 3066 qui

316 3086 457 3170 pedibus
471 3108 568 3172 super
582 3108 673 3155 mare
689 3087 880 3164 ambulavit,
895 3098 929 3152 et
945 3087 1044 3152 Petro
1060 3088 1218 3170 mergenti
1233 3088 1407 3153 dexteram

316 3192 517 3274 porrexit-y

358 3294 451 3380 Ergo
465 3294 649 3375 maledicte,
661 3297 745 3360 siem
756 3292 864 3378 supra.

679 3433 757 3497 Item
776 3442 873 3515 super
882 3429 1043 3513 seminas.

358 3551 524 3618 Exorcizo
542 3561 577 3616 te
598 3552 766 3616 immunde
785 3552 926 3635 spiritus,
941 3571 1001 3636 per
1023 3550 1156 3615 Patrem
1175 3559 1208 3613 et
1228 3549 1350 3615 Filium
1372 3560 1406 3615 et
1431 3563 1462 3615 R.
1559 3560 1564 3574 '

315 3653 475 3738 Spiritum
499 3665 649 3721 sanctum
676 3667 713 3720 ut
737 3675 837 3720 exeas
859 3664 894 3718 et
918 3654 1052 3719 recedas
1077 3654 1121 3717 ab
1147 3653 1199 3718 his
1221 3652 1406 3718 famulabus
1431 3628 1569 3745 33:0⁵:

315 3758 381 3823 Dei
391 3757 427 3823 ⁹⁴.
472 3759 548 3844 lpse
573 3760 659 3824 enim
686 3760 746 3824 tibi
778 3759 919 3842 imperat
948 3756 1132 3833 maledicte,
1160 3757 1325 3836 damnate,
1349 3757 1407 3841 qui
1431 3771 1460 3814 Λ.

315 3882 414 3928 caeco
436 3871 516 3927 nato
539 3862 653 3928 oculos
676 3864 815 3946 aperuit,
839 3871 873 3925 et
898 3860 1155 3944 quatriduanum
1180 3860 1342 3925 lazarum
1365 3861 1407 3925 de

316 3977 530 4031 monumento
544 3966 724 4031 suscitavit.
745 3992 767 4049 γ

361 4069 454 4153 Ergo
468 4067 649 4146 maledicte,
662 4079 701 4134 ut
714 4079 820 4152 supra.

245 4232 304 4288 537
442 4205 597 4289 Sequitur
617 4207 722 4272 oratio
743 4226 842 4290 quam
863 4204 1009 4270 sacerdos
1029 4204 1134 4270 dicere
1154 4203 1287 4270 debetli.

360 4325 542 4392 Aeternam
564 4347 602 4392 ac
625 4327 835 4392 iustissimam
858 4327 1018 4411 pietatem
1039 4335 1133 4391 tuam
1155 4327 1321 4409 deprecor,
1337 4325 1410 4390 Do·
1432 4337 1466 4388 R.

318 4432 409 4495 mine
433 4440 555 4510 sancte,
582 4432 679 4495 Pater
701 4431 921 4515 omnipotens,
940 4439 1076 4494 aeterne
1101 4430 1194 4495 Deus
1218 4429 1349 4493 luminis
1374 4438 1408 4494 et
1432 4403 1577 4519 ffiffi·

316 4532 475 4609 veritatis,
496 4534 674 4618 superbos
694 4531 872 4598 famulos²⁶
892 4543 926 4597 et
946 4531 1088 4597 famulas
1110 4541 1185 4597 tuas
1207 4542 1244 4597 ut
1265 4532 1408 4615 digneris
1432 4545 1459 4583 ⁵-

319 4657 378 4702 eos
399 4637 583 4702 illuminare
606 4636 727 4703 lumine
750 4637 987 4722 intelligentiae
1010 4646 1098 4702 tuae.
1144 4635 1272 4700 Munda
1296 4655 1354 4699 eos
1375 4644 1409 4699 et

318 4738 495 4806 sanctifica
548 4740 673 4805 Dacis
694 4740 863 4805 scientiam
889 4760 1013 4819 veram,
1042 4748 1080 4805 ut
1110 4740 1201 4824 digni
1231 4737 1410 4803 efficiantur

318 4844 474 4910 accedere
494 4843 536 4908 ad
557 4845 696 4928 gratiam
714 4843 872 4928 baptismi
887 4844 946 4908 tui.
991 4842 1143 4909 Teneant
1163 4841 1290 4907 firmam
1306 4860 1409 4924 spem,

317 4948 490 5015 consilium
510 4959 645 5026 rectum,
659 4947 842 5012 doctrinam
863 4957 1023 5028 sanctam,
1040 4958 1075 5012 ut
1094 4947 1164 5030 apti
1184 4946 1250 5013 sint
1269 4947 1312 5011 ad
1337 4964 1409 5028 per·

318 5051 505 5136 cipiendam
521 5050 661 5134 gratiam
677 5059 768 5116 tuam
779 5046 815 5113 ¹⁷.
860 5049 931 5115 Per.
954 5077 975 5133 γ

849 5167 872 5216 E
