3352 5828
685 815 915 873 APPENDIX.

355 978 447 1040 Grata
466 980 519 1040 tibi
539 980 596 1040 nint
616 978 692 1042 Dne.
713 998 835 1041 munera
854 980 960 1059 quibus

355 1077 470 1157 Repleti
490 1076 565 1140 Dne.
588 1079 661 1140 socri
682 1078 811 1140 muneris
830 1080 923 1158 gratia

357 1175 553 1240 Reminiscere
572 1178 791 1240 miserationum
810 1189 924 1239 tuarum

443 1340 533 1401 Ferr'a
553 1344 582 1403 iv
602 1343 644 1402 ad
661 1341 695 1403 S.
715 1341 852 1404 Martium
872 1341 923 1423 (R.
944 1336 1016 1402 ndds
1037 1339 1092 1401 Et.
1113 1337 1164 1419 vr).

357 1452 476 1515 Praesta
496 1475 524 1536 q.
545 1473 573 1519 c.
594 1456 632 1516 D.
653 1458 756 1537 utqui
776 1457 882 1518 nostrie

357 1551 395 1613 D.
415 1555 465 1631 qui
485 1571 538 1633 pro
558 1556 644 1616 nobis
664 1556 755 1616 filium
776 1566 859 1616 tuum

358 1651 863 1733 O.nD.quiChristituibecta

358 1749 476 1811 Praesta
496 1772 525 1832 q.
545 1770 574 1813 o.
594 1762 623 1813 et
643 1770 684 1813 m.
705 1753 743 1813 D.
765 1763 799 1814 ut
819 1754 893 1814 sicut

360 1848 480 1928 Suscipe
501 1869 529 1930 q.
551 1850 628 1914 Dne.
649 1870 756 1912 munus
776 1852 908 1914 oblatum

359 1946 478 2026 Largire
498 1950 631 2012 sentibus
651 1950 758 2012 nostrie
778 1969 807 2011 o.
828 1950 867 2010 D.

359 2043 485 2125 Respice
506 2047 583 2109 Dne.
605 2067 633 2127 q.
654 2067 742 2127 super
762 2047 840 2110 hanc
860 2047 997 2110 icmiliurn

601 2203 705 2289 [ch
725 2226 744 2267 v
767 2207 872 2268 Comae
893 2206 1019 2267 Domini.

360 2317 398 2380 O.
419 2337 442 2379 s.
463 2320 501 2383 D.
523 2322 562 2383 da
582 2341 611 2402 q.
632 2323 772 2384 universio

352 2418 508 2482 *Concede
529 2421 712 2483 credentibus
733 2440 773 2482 m.
794 2421 963 2482 Deultum

368 2519 962 2600 O.uD.quivitcmhumanigenerin

365 2621 458 2681 Adest
478 2639 497 2681 ο
517 2619 689 2680 venerabilis
709 2620 841 2699 pontifex

345 2719 474 2780 *Adesto
494 2718 571 2780 Dne.
593 2717 853 2797 supplicationibus
873 2718 978 2779 nostrin
999 2728 1027 2777 et
1048 2734 1095 2777 me

370 2820 488 2880 Praesta
508 2835 536 2895 q.
558 2816 634 2877 Dne.
652 2816 720 2877 huic
740 2815 850 2877 inruulo
870 2827 921 2878 tuo
941 2816 1061 2895 dignum

346 2919 402 2979 eD.
423 2916 542 2977 humani
562 2915 679 2993 generis
699 2915 906 2994 benignissime
926 2916 1061 2976 conditor

347 3018 402 3081 cO.
425 3035 448 3077 u
468 3014 506 3074 Ι).
527 3014 676 3076 confitenti
697 3014 749 3074 tibi
769 3013 837 3075 huic
857 3013 965 3074 famulo
985 3024 1036 3074 tuo

366 3117 404 3179 Ο.
426 3127 455 3175 et
475 3133 513 3173 m.
534 3111 573 3173 D.
590 3113 640 3191 qui
660 3123 850 3192 peccatorum
871 3111 1080 3190 indulgentiam

347 3215 440 3275 eDne.
461 3230 484 3272 u
505 3210 538 3272 P.
561 3229 589 3271 o.
609 3219 664 3272 net
686 3210 725 3270 D.
745 3212 854 3289 respice
874 3211 1015 3290 propitius

348 3313 510 3372 evirtutum
531 3309 700 3369 caelestium
720 3307 758 3368 D.
779 3308 816 3369 de
836 3309 919 3370 cuius
938 3309 1047 3386 gratim
1067 3327 1133 3370 rore

367 3407 629 3470 Communicnntes
647 3416 677 3466 et
699 3407 777 3467 diem
799 3407 1024 3467 sacratissimum

367 3507 456 3568 Hunc
476 3505 564 3583 igitur
584 3504 765 3564 oblationem
785 3502 862 3565 Dne.
883 3513 1005 3565 cunctae

366 3604 427 3679 Qui
447 3603 503 3664 hnc
523 3602 570 3663 die
591 3611 750 3680 antequam
770 3602 930 3663 traderetur

368 3701 507 3763 Concede
528 3718 556 3778 q.
578 3699 654 3759 Dne.
676 3709 708 3759 ut
728 3701 857 3778 percepti

367 3799 405 3860 D.
426 3800 476 3877 qui
496 3798 697 3858 confitentium
717 3797 770 3858 uiri
790 3797 881 3859 corda
900 3795 1050 3882 purificas]

620 3938 705 4024 [Item
719 3943 817 4004 Missa
834 3943 1014 4004 Chrrinrclt's.

370 4061 447 4121 Dne.
469 4058 508 4118 D.
528 4059 579 4137 qui
599 4059 631 4118 in
650 4058 857 4137 regenerandis

371 4158 420 4219 Da
439 4158 525 4218 nobis
545 4174 573 4216 c.
593 4157 632 4216 D.
652 4157 782 4217 remedie
803 4157 978 4218 conditionis
998 4157 1144 4218 humanae

373 4256 471 4316 Huius
491 4255 622 4316 sacrificii
643 4256 773 4334 potentin
794 4255 872 4319 Dne.
894 4274 923 4334 q.
943 4266 975 4316 ut
995 4267 1165 4318 vetustatem

374 4354 631 4416 Communicautes
651 4363 681 4413 et
701 4353 781 4413 diem
802 4354 1026 4415 sacratissimum

372 4453 462 4513 Hunc
481 4451 566 4530 igitur
585 4452 764 4513 oblationem
785 4451 960 4515 famulorum
981 4452 1213 4534 famularumque

355 4551 480 4612 *Emitte
500 4569 528 4629 q.
549 4550 625 4611 Dne.
648 4551 787 4630 Spiritum
809 4562 942 4613 nunctum

355 4650 411 4710 eD.
431 4651 675 4711 incrementorum
696 4660 727 4710 et
745 4649 929 4728 profectuum

357 4748 444 4809 eVD.
464 4749 514 4827 qui
534 4749 564 4808 in
584 4749 726 4827 principio

377 4846 515 4909 Concede
535 4865 564 4925 q.
584 4846 661 4908 Dne.
682 4859 715 4906 ut
734 4848 865 4926 percepti

377 4944 495 5005 Praesta
515 4963 543 5023 q.
566 4943 641 5005 Dne.
662 4955 695 5006 ut
716 4946 791 5006 sicut
811 4946 848 5007 de
869 4947 1026 5026 praeteritis

375 5043 521 5104 Exorcizo
540 5057 569 5105 te
589 5054 719 5105 creatura
740 5044 797 5104 oiei

376 5141 443 5202 VD.
466 5142 525 5216 Qui
545 5138 758 5223 mysteriorum]
