3352 5828
416 364 481 451 3⁶0
850 370 1080 428 rrrsnnrrr.

389 561 392 573 ·
498 535 649 597 *Gloriam
670 532 748 596 Dne.
768 544 936 597 sanctorum
956 534 1166 614 Apostolorum

299 642 302 648 ’
390 663 392 667 -
500 634 585 696 ΝῙ).
606 633 653 696 Te
675 634 705 694 in
726 643 842 701 tuorum
861 633 1059 712 apostolomm
1071 632 1274 711 ,glorificantes

519 732 666 811 Perceptis
687 731 762 802 Due.
783 731 972 793 sacramentis
992 731 1157 811 suppliciter

519 831 633 892 Exaudi
654 849 709 892 nos
729 829 767 890 D.
788 830 919 891 salutaris
937 840 1039 892 noster
1059 840 1088 891 et
1108 830 1306 910 apostolomm

730 1005 820 1066 Hedd.
841 1007 923 1067 xxti)
940 1012 1004 1084 post
1021 1005 1201 1066 Pentccorlm.

520 1119 641 1198 Largire
662 1139 691 1201 q.
712 1119 786 1181 Due.
808 1119 942 1182 fidelibus
961 1120 1017 1181 tuis
1037 1120 1246 1198 indulgentiam

501 1218 634 1280 *Delicta
653 1229 753 1280 nostra
773 1217 850 1279 Due.
871 1219 976 1298 quibus
996 1219 1117 1280 adversa

520 1317 683 1379 Caelestem
703 1317 788 1379 nobis
809 1319 967 1396 praebeant
985 1316 1059 1379 haec
1079 1317 1217 1396 mysteria

502 1415 588 1476 svD.
608 1415 795 1477 Maiestatem
815 1424 897 1476 tuam
917 1414 994 1478 Due.
1014 1417 1182 1497 suppliciter

521 1514 564 1576 Ut
583 1515 673 1575 sacris
693 1512 769 1575 Dne.
790 1514 946 1576 reddamur
966 1516 1047 1595 digni

455 1687 540 1774 [Kal.
561 1689 638 1751 Non.
657 1688 730 1750 Not.
751 1688 783 1752 S.
806 1689 947 1753 Coerani.
989 1690 1043 1752 Ad
1059 1692 1196 1752 collectam
1216 1690 1259 1750 od
1276 1687 1334 1752 SS.
1357 1687 1490 1750 Cormasa

851 1796 880 1848 et
896 1788 1082 1850 Damonem.

521 1904 631 1965 Adesto
652 1902 728 1964 Dne.
747 1914 908 1982 martyrum
929 1904 1135 1984 deprecatione
1156 1913 1325 1966 sanctorum

392 2120 395 2128 .
863 2037 918 2097 Ad
933 2035 1069 2098 Moiranr.

522 2142 559 2202 D.
580 2142 630 2221 qui
651 2161 706 2204 nos
726 2142 753 2202 b.
773 2144 907 2220 martyris
927 2145 969 2204 tui
989 2143 1120 2205 Caesarii

521 2242 644 2302 Hostias
664 2241 716 2301 tibi
739 2240 815 2303 Dne.
836 2242 864 2302 b.
886 2241 1014 2303 Caesarii

521 2340 618 2402 Huius
638 2358 695 2401 nos
715 2339 791 2402 Dne.
812 2340 960 2420 perceptio
980 2338 1171 2423 sacramenti]

733 2513 824 2575 Hedd.
844 2533 915 2575 xxo
928 2521 996 2593 port
1013 2515 1197 2576 Pentecosten.

520 2627 559 2688 D.
580 2630 630 2706 qui
652 2647 707 2690 nos
727 2629 856 2707 regendo
878 2648 1032 2692 conservas

520 2726 673 2786 Familiam
693 2738 773 2787 tuam
792 2746 823 2805 q.
844 2727 921 2789 Dne.
941 2729 1080 2789 continua
1100 2728 1207 2807 pietate
1253 2765 1258 2773 ·

523 2824 644 2902 Suscipe
663 2824 740 2886 Dne.
760 2827 934 2904 propitiatus
954 2826 1063 2886 hostias

502 2923 587 2982 eVD.
607 2923 663 2982 Per
683 2943 770 3002 quem
791 2934 923 2984 sanctum
944 2934 973 2984 et
993 2924 1177 2985 benedictum

522 3021 749 3082 Immortalitatis
769 3022 939 3082 alimoniam
959 3023 1108 3082 consecuti

634 3191 684 3276 [ω’
700 3193 748 3255 Id.
769 3193 846 3255 Nou.
867 3194 939 3255 Nol.
961 3194 1018 3257 SS.
1040 3197 1070 3255 r'v
1094 3194 1321 3256 Coronolorunr..

523 3309 642 3370 Praesta
662 3329 689 3388 q.
710 3328 739 3370 o.
759 3308 797 3369 D.
819 3311 923 3388 utqui
943 3311 1087 3388 gloriosos

505 3409 631 3466 rAnnua
651 3417 809 3485 martyrum
830 3418 944 3468 tuomm
966 3407 1041 3468 Dne.
1064 3418 1132 3468 vota
1154 3407 1326 3468 recurrimus

522 3505 644 3565 Hostias
664 3506 716 3565 tibi
737 3504 813 3565 Due.
836 3524 890 3584 pro
909 3515 1068 3584 martynum

520 3603 588 3663 VD.
609 3604 797 3665 Celebrantes
817 3615 983 3666 sanctorum
1004 3605 1132 3665 natalitia
1153 3614 1359 3665 coronatorum

447 3740 452 3754 ·
523 3701 696 3762 Sanctorum
717 3712 832 3763 tuorum
853 3714 1061 3763 coronatorum
1082 3721 1111 3780 q.
1132 3700 1225 3784 Dne.]

714 3873 747 3957 [o
766 3874 813 3934 Id.
834 3875 911 3936 Nou.
933 3874 1004 3936 Not.
1026 3874 1058 3944 S.
1083 3875 1226 3937 ibeodori.
1340 3957 1344 3965 Ι

502 3990 681 4051 *Praetende
702 3992 787 4051 nobis
807 3990 875 4051 Dne
896 3990 1126 4051 misericordiam
1146 4001 1228 4051 tuam

523 4089 643 4167 Suscipe
664 4088 742 4150 Dne.
763 4089 892 4179 fidelium
912 4108 1013 4169 preces
1034 4108 1102 4150 cum
1123 4089 1318 4150 oblationibus

522 4188 620 4248 Sancti
641 4207 697 4249 nos
718 4208 746 4267 q.
768 4189 844 4249 Dne.
866 4184 1033 4269 Theodori]

713 4361 765 4446 [rii
780 4363 827 4424 Id.
848 4362 924 4424 Nou.
945 4362 1017 4423 Nat.
1040 4361 1073 4423 S.
1093 4362 1224 4423 Mennae.

521 4478 639 4539 Praesta
659 4498 687 4557 q.
709 4497 739 4540 o.
760 4479 798 4538 D.
819 4489 851 4538 ut
872 4479 921 4556 qui
943 4479 971 4537 b.
994 4477 1124 4538 Mennae

520 4576 554 4636 B.
575 4576 704 4637 Mennae
726 4577 857 4655 martyris
878 4577 919 4636 tui
940 4575 1016 4638 Dne.
1038 4576 1181 4637 solemnia

520 4674 690 4737 Benedictio
711 4689 762 4737 tua
782 4675 821 4737 D.
843 4675 963 4754 impleat
984 4676 1075 4735 corda
1095 4671 1238 4756 fidelium]
