3352 5828
312 410 376 478 294
557 398 685 456 LIBER
706 395 1094 458 SACRAMENTORUM
1113 395 1178 463 [111.
1192 395 1408 449 lxxxvii-lxxxix.

754 622 965 680 amm.

629 755 848 821 Onamonns
872 767 960 821 rosa
983 766 1096 820 cusos.

133 899 273 965 Pam-468·
358 891 491 968 Satiati,
522 892 676 973 Domine,
712 893 904 978 opulentiae
932 903 1012 959 tuae
1047 891 1153 968 donis,
1190 891 1251 957 tibi
1287 891 1413 974 gratias

312 996 446 1079 agimus
468 1017 528 1080 pro
550 997 603 1063 his
623 1017 716 1081 quae,
734 1007 769 1062 te
784 996 955 1080 largiente,
972 997 1188 1080 suscepimus
1203 996 1412 1060 obsecrantes

315 1099 573 1166 misericordiam
590 1111 693 1176 tuam,
716 1112 753 1166 ut
774 1100 891 1185 qu0d¹
910 1101 1103 1184 corporibus
1123 1100 1245 1164 nostris
1265 1118 1414 1163 necessa·

316 1203 399 1268 rium
415 1203 488 1282 fuit,
503 1205 670 1270 mentibus
684 1224 751 1270 non
766 1206 809 1270 sit
824 1224 1012 1270 onerosum.
1057 1204 1128 1270 Per.
1150 1229 1169 1281 γ

135 1331 275 1397 ramma
360 1323 482 1390 Satiati
511 1345 627 1392 sumus
635 1322 657 1404 ²,
682 1325 837 1404 Domine,
860 1328 903 1391 de
928 1326 995 1391 tuis
1018 1323 1113 1390 donis
1134 1343 1173 1389 ac
1195 1321 1301 1388 datis:
1325 1320 1416 1406 reple

149 4515 173 4565 R

150 4552 226 4633 o'ern
240 4580 295 4644 με.
331 4607 346 4670 s

317 1450 380 1495 nos
394 1430 437 1495 de
452 1440 511 1494 tua
527 1429 760 1506 misericordia,
772 1430 829 1515 qui
844 1430 903 1495 es⁸
917 1430 1121 1504 benedictus,
1131 1429 1190 1513 qui
1205 1424 1297 1494 cum⁴
1317 1427 1416 1492 Patre

317 1544 352 1599 et
367 1532 494 1620 Spiritu
516 1543 634 1600 sancto
653 1534 737 1600 vivis
759 1544 793 1600 et
816 1554 935 1619 regnas
953 1534 1048 1598 Deus
1069 1553 1128 1618 per
1149 1532 1263 1597 omnia
1282 1529 1415 1595 saecula

317 1638 534 1703 saeculorum.
558 1663 578 1718 γ

350 1772 360 1801 ¹
376 1773 496 1839 quriiv.;
512 1774 693 1825 Pamastext
798 1773 809 1804 ¹
825 1774 1067 1825 Smbstimst.
1172 1771 1416 1839 'qurbtuesPam

317 1838 413 1890 ‘Pam
425 1840 584 1890 insertsDeo.
1170 1875 1173 1884 .

753 2017 985 2074 nxxxvm.

436 2149 587 2215 Omrro
610 2163 662 2214 nn
685 2161 831 2215 saunas
853 2160 976 2214 uovns
999 2157 1296 2212 asnanrcrmnns.

363 2286 518 2365 Benedic,
534 2287 691 2364 Domine,
706 2285 768 2352 hos
782 2286 909 2352 fructus
924 2305 1028 2350 novos
1042 2305 1126 2350 uvae
1136 2284 1208 2349 sive
1218 2283 1325 2364 sabae,
1334 2303 1418 2368 quos

229 2378 243 2429 ³
319 2399 367 2469 tu,
385 2390 541 2469 Domine,
557 2411 617 2475 per
631 2411 738 2456 rorem
758 2391 842 2456 caeli
863 2399 898 2456 et
920 2389 1152 2455 inundantiam
1174 2387 1368 2472 pluviarum,
1384 2397 1419 2453 et

320 2505 473 2579 tempora
487 2513 603 2560 serena
617 2503 719 2579 atque
733 2492 911 2578 tranquilla
930 2492 973 2558 ad
993 2493 1218 2558 maturitatem
1241 2494 1419 2577 perducere

320 2600 476 2683 dignatus
491 2618 535 2677 es,
550 2597 594 2663 ad
610 2597 856 2682 percipiendum
872 2597 971 2662 nobis
985 2616 1062 2660 curn
1079 2596 1260 2681 gratiarum
1281 2596 1420 2675 actione,

322 2704 356 2768 in
382 2702 517 2767 nomine
541 2701 679 2767 Domini
699 2702 803 2767 nostri
829 2701 904 2768 Iesu
927 2699 1060 2767 Christi.
1105 2702 1168 2766 Per
1189 2700 1311 2785 qnem¹
1335 2700 1419 2768 haee

323 2807 445 2886 omnia,
461 2806 618 2884 Domine,
632 2826 765 2890 semper
779 2806 878 2870 bona.
903 2831 934 2886 γ.

779 2975 870 3031 Item
891 2973 968 3030 alia.

370 3084 538 3152 Oramus²
568 3086 726 3169 pietatem
763 3095 865 3164 tuam,
894 3087 1107 3169 omnipotens
1145 3086 1248 3160 Deus,
1286 3093 1324 3150 ut
1360 3082 1420 3149 has

326 3189 488 3274 primitias
514 3198 683 3255 creaturae
711 3198 800 3267 tuae,
823 3210 906 3273 quas
931 3190 1016 3253 aeris
1043 3198 1076 3252 et
1101 3185 1232 3273 pluviae
1257 3196 1421 3272 tempera·

325 3300 440 3357 mento
464 3294 588 3357 nutrire
605 3293 767 3378 dignatus
789 3312 835 3371 es,
858 3291 1097 3357 benedictionis
1119 3290 1323 3356 tuaeimbre
1348 3310 1421 3375 per·

323 3396 453 3473 fundas,
476 3405 511 3461 et
533 3394 659 3462 fructus
681 3406 788 3462 terrae
809 3406 888 3461 tuae
910 3416 1015 3479 usque
1037 3395 1079 3460 ad
1102 3395 1326 3461 maturitatem
1348 3415 1424 3479 per-

211 3575 217 3586 ·
325 3501 437 3577 ducas,
443 3500 661 3584 ‚tribuasque³
673 3500 799 3584 populo
811 3509 870 3565 tuo
882 3501 926 3566 de
936 3501 1002 3565 tuis
1014 3500 1205 3564 muneribus
1218 3498 1280 3564 tibi
1294 3519 1424 3583 semper

325 3604 450 3686 gratias
474 3625 583 3688 agere,
600 3600 645 3667 'ut
669 3624 690 3668 a
716 3601 886 3668 fertilitate
915 3613 1024 3669 terrae
1054 3603 1266 3667 esurientium
1295 3603 1424 3667 animas

325 3709 422 3772 bonis
451 3707 663 3772 affluentibus
694 3707 830 3792 repleas,
861 3718 895 3772 et
925 3728 1048 3791 egenus
1074 3717 1108 3770 et
1133 3727 1259 3790 pauper
1287 3706 1425 3772 laudent

326 3831 449 3876 nomen
464 3811 589 3894 gloriae
604 3821 691 3877 tuae.
736 3812 806 3875 Per.

359 3946 368 3974 ¹
385 3948 486 3999 Instead
504 3948 534 3998 oi
546 3947 589 4000 the
606 3948 757 4013 concluding
768 3948 851 3998 clause
866 3949 896 3998 of
908 3948 951 3999 the
962 3947 1051 3999 Canon
1067 3947 1200 4012 (indionted
1211 3947 1245 4013 by
1256 3947 1287 3997 V.
1299 3947 1342 4012 R.)
1354 3947 1424 3999 Pam.

327 4015 395 4066 Men.
407 4014 470 4065 have
484 4015 537 4076 Qui
547 4021 635 4066 tecum
700 4013 710 4042 ¹
730 4015 836 4065 Oramus
847 4015 893 4076 V.;
912 4015 944 4066 R.
955 4031 984 4065 as
995 4022 1054 4065 text.
1121 4013 1131 4044 ⁸
1146 4014 1245 4064 tribuas
1255 4029 1349 4080 quoquc
1359 4013 1391 4066 R.

784 4236 974 4292 Lxmx

648 4365 887 4431 Bannmcrro
911 4380 1108 4434 nononuu.

372 4502 423 4566 Te
452 4500 677 4585 deprecamur,
706 4502 919 4587 omnipotens
946 4505 1049 4582 Deus,
1073 4513 1109 4568 ut
1138 4504 1314 4570 benedicas
1337 4503 1424 4568 hunc

344 4615 473 4670 ructum
488 4627 649 4671 novomm
665 4627 841 4690 pomorum
857 4633 864 4674 r
887 4617 925 4672 ut
948 4609 1004 4691 qui
1021 4628 1078 4672 esu
1093 4608 1286 4674 interdictae
1300 4609 1428 4674 arboris

331 4709 439 4775 letalis
454 4712 545 4793 pomi
562 4712 595 4775 in
612 4720 849 4796 protoparente
864 4712 951 4777 iusta
966 4712 1086 4778 funeris
1096 4713 1259 4779 sententia
1272 4712 1283 4751 ¹
1296 4712 1427 4778 multati

1440 4251 1502 4306 747
