3352 5828
655 833 659 845 ¹
695 810 927 869 APPENDIX.

598 975 689 1039 Heba
711 977 741 1037 ἑο
754 983 823 1055 post
839 975 1021 1036 Pentecosten

368 1093 609 1173 Deprecationem
630 1102 759 1154 nostram
780 1112 808 1172 q.
829 1090 906 1151 Dne.
925 1090 1070 1168 benignus

370 1191 522 1272 Tempora
540 1200 639 1253 nostra
659 1210 691 1271 q.
711 1190 788 1253 Dne.
809 1190 858 1269 pio
877 1188 976 1251 lavore

370 1291 497 1352 Munera
516 1290 591 1353 Dne.
611 1289 709 1352 oblata
730 1289 878 1352 sanctifica
897 1298 930 1349 ut
949 1287 990 1350 tui

351 1387 435 1449 *VD
457 1389 511 1449 Illa
530 1389 637 1468 quippo
655 1386 728 1449 seara
746 1396 917 1448 remaneant

370 1486 455 1549 Haec
475 1505 530 1550 noa
551 1485 720 1549 communlo
736 1485 812 1547 Dne.
833 1493 939 1565 purget

512 1667 596 1755 [nuti
611 1668 684 1732 Καὶ.
705 1668 764 1732 lut.
784 1669 857 1732 Nat.
878 1667 911 1732 S.
940 1669 1000 1730 Vni
1016 1665 1113 1728 Mart.

371 1784 419 1846 Da
437 1785 577 1847 ecclesiae
595 1795 662 1847 tuae
686 1785 762 1847 Dne.
783 1803 812 1864 q.
834 1803 857 1846 a.
878 1784 948 1845 Vito
969 1782 1165 1845 intercedente

372 1882 454 1945 Sicut
475 1884 584 1962 gloriae
597 1883 634 1965 (l)
655 1886 769 1949 divinae
788 1884 937 1963 potentiae

351 1981 436 2042 ⁸VD.
456 1981 538 2043 Beati
558 1983 618 2044 Viti
638 1985 774 2063 martyrio
795 1983 953 2062 gloriantes

353 2079 484 2143 *Refecti
504 2080 580 2143 Dne.
601 2082 803 2145 benedictione
824 2077 957 2163 caelesti]

466 2261 536 2348 [xiv
556 2264 628 2326 Kal.
649 2264 707 2327 lut
728 2264 785 2328 SS.
805 2263 912 2327 Marci
928 2271 955 2325 et
972 2260 1170 2323 Marcelliani.

374 2376 550 2440 Sanctomm
570 2391 687 2442 tuorum
707 2397 763 2441 noa
783 2379 860 2440 Dne.
880 2377 974 2438 Marci
995 2388 1024 2438 et
1045 2375 1227 2438 Marcelliani

375 2477 495 2558 Suacipe
516 2478 592 2540 Dne.
612 2498 734 2541 munera
753 2489 870 2541 tuorum
889 2477 1066 2557 populorum

376 2575 515 2639 Salutaris
534 2579 576 2638 tui
596 2577 673 2640 Dne.
693 2596 812 2640 munere
833 2572 941 2659 satiati]

508 2756 625 2844 [Eodem
645 2763 689 2821 die
716 2760 799 2841 Vr'gr'l.
825 2758 993 2822 Genesin
1010 2757 1138 2819 Protesi.

357 2872 539 2953 *Martymm
559 2886 675 2937 tuorum
695 2875 771 2936 Dne.
792 2874 913 2937 Gervasi
934 2884 964 2935 et
984 2874 1098 2936 Protasi

378 2972 558 3035 Sacrificium
578 2973 654 3035 Dne.
675 2974 756 3054 quod
775 2993 828 3053 pro
848 2973 955 3035 mnctia

379 3069 493 3149 Sumpti
514 3072 644 3133 sacrificii
664 3071 741 3134 Dne.
760 3082 901 3152 perpetua
920 3067 991 3154 noa]

440 3240 519 3328 [xiri'
534 3244 606 3307 Καί.
627 3245 684 3307 lut
704 3245 777 3308 Nat.
799 3244 856 3308 SS.
880 3243 1008 3308 Gnvurn'
1023 3252 1051 3305 et
1068 3243 1197 3305 Protesi.

358 3359 551 3422 eSanctorum
570 3371 728 3439 martyrum
748 3378 804 3421 noa
824 3359 902 3423 Dne.
922 3358 1057 3421 Gerraaii
1077 3369 1106 3420 et
1127 3359 1251 3420 Protasii

377 3457 521 3519 Concede
541 3459 625 3519 nobis
645 3476 673 3519 o.
692 3456 730 3517 D.
750 3469 783 3519 ut
803 3457 848 3519 hia
867 3459 1038 3519 muneribus

376 3554 445 3616 VD.
465 3555 544 3616 Ecce
564 3555 642 3616 enim
662 3556 728 3616 tuni
748 3556 791 3614 tui

359 3652 422 3714 *Da
443 3672 472 3733 q.
493 3671 522 3714 o.
543 3652 581 3714 D.
601 3662 634 3713 ut
654 3655 855 3733 mysteriorum
876 3650 992 3736 naute]

628 3829 719 3890 Heba
733 3847 752 3890 v
762 3835 826 3907 port
836 3828 1019 3890 Pentecosten.

377 3943 528 4005 Protector
547 3945 577 4004 in
597 3953 626 4004 te
646 3943 825 4023 sperantium
845 3942 927 4005 Deua

379 4041 537 4121 Propitiare
557 4041 633 4102 Dne.
653 4040 807 4102 humilitati
827 4051 945 4102 nostrae

380 4138 506 4220 Respice
526 4138 601 4201 Dne.
621 4156 745 4201 munera
765 4139 955 4219 supplicantis

380 4237 448 4299 VD.
469 4238 717 4317 omnipotentiam
737 4249 819 4299 tuam

382 4336 490 4399 Sancta
510 4347 560 4398 tua
580 4355 634 4399 noa
654 4334 730 4397 Dne.
752 4345 868 4414 sumpta
887 4335 1032 4397 vivificent

537 4512 566 4573 iv
580 4509 650 4572 Kal.
664 4511 724 4572 Jut.
738 4513 770 4571 e'n
783 4510 892 4571 Ierinn'o
905 4509 938 4572 S.
953 4510 1015 4572 lot.
1030 4511 1119 4590 Bapt.

382 4626 499 4688 Praesta
519 4645 548 4706 q.
568 4646 596 4689 o.
614 4626 653 4687 D.
674 4637 707 4688 ut
727 4626 836 4688 familia
855 4637 906 4688 tua

381 4725 501 4787 Praesta
522 4745 551 4805 q.
570 4725 647 4786 Dne.
667 4737 698 4787 ut
717 4726 845 4805 populun
865 4735 932 4788 tuua

382 4822 507 4884 Munera
527 4825 625 4904 populi
646 4825 687 4885 tui
707 4823 784 4886 Dne.
805 4827 977 4904 pmpitiatus

364 4921 448 4982 evD.
470 4922 647 4985 Exhibentea
667 4924 797 4986 solemne
817 4925 954 4985 ieiunium

363 5021 419 5080 eB.
439 5020 560 5082 Ioannis
579 5021 723 5102 Baptistae
744 5041 799 5084 uos
820 5042 849 5101 q.
869 5022 945 5084 Dne.
966 5024 1117 5102 praeclara

384 5119 420 5178 B.
441 5139 495 5180 nos
515 5120 591 5182 Dne.
611 5120 754 5201 Baptistae
775 5120 896 5182 Ioannis
916 5124 1008 5183 oratio
