3352 5828
228 799 274 852 111.
287 818 347 866 xxv,
356 801 439 870 xxvt]
533 803 747 860 ROMANAE
768 803 1010 861 ECCLESIAE.
1256 813 1318 878 247

721 1065 829 1123 XXV.

379 1193 475 1261 Isau
499 1196 718 1263 Ommouss
740 1211 792 1262 nn
815 1209 905 1262 men
926 1208 1135 1264 noenu-mus
1145 1194 1168 1260 ¹.
1195 1217 1198 1224 ³

255 1316 256 1320 ¹
272 1332 374 1411 Deus,
387 1354 484 1398 verae
498 1335 708 1400 beatitudinis
727 1344 843 1400 auctor
857 1344 958 1419 atque
979 1334 1125 1417 largitor,
1140 1333 1247 1418 dirige
1261 1354 1322 1400 nos

229 1434 262 1498 in
288 1456 362 1500 eam
386 1457 487 1519 quarn
517 1436 719 1504 immaculati
744 1437 917 1503 ambulant
939 1437 1038 1513 viam,
1068 1446 1105 1501 ut
1131 1437 1322 1502 testimonia

229 1537 310 1623 legis
324 1549 400 1605 tuae
411 1541 472 1622 piis
483 1542 636 1606 cordibus
651 1541 872 1625 exquirentes,
883 1561 1130 1626 perseveremus
1141 1550 1174 1606 et
1186 1541 1322 1626 diligere

229 1644 318 1726 quod
334 1645 542 1728 praecipiunt,
558 1654 592 1710 et
606 1646 794 1711 desiderare
808 1666 876 1731 quo
890 1647 1033 1721 ducunt,
1072 1645 1142 1711 Per.

272 1763 364 1829 Deus
382 1767 439 1848 qui
461 1777 648 1833 sanctorum
667 1777 800 1833 tuorum
822 1769 936 1854 dirigis
957 1787 1097 1853 gressus,
1109 1761 1262 1856 [amove]
1274 1762 1288 1802 ³
1302 1786 1324 1830 a

230 1868 325 1933 nobis
340 1869 520 1952 iniquitatis
538 1872 637 1950 viam,
653 1882 687 1937 et
699 1871 801 1936 nostri
819 1881 878 1937 tua
892 1871 989 1956 lege³
1004 1871 1179 1950 miserere;
1203 1880 1240 1935 ut
1255 1891 1323 1934 non

230 1971 322 2037 obliti
345 1973 464 2038 iudicia
485 1985 551 2054 tua,
566 1977 653 2040 viam
676 1977 906 2041 mandatorum
929 1976 1070 2042 dilatato
1091 1976 1192 2042 corde
1213 1995 1324 2039 curra·

231 2096 312 2142 mus.
359 2078 429 2142 Per.

261 2230 270 2258 ¹
286 2231 322 2284 So
332 2232 364 2282 V.
376 2232 641 2297 (uugmmmticnlly).
746 2232 756 2262 ¹
772 2249 864 2295 amm,
918 2234 987 2285 nired
997 2235 1030 2299 by
1041 2235 1084 2285 the
1096 2249 1174 2297 sense,
1185 2233 1208 2283 is
1218 2231 1326 2285 restored

229 2298 292 2349 from
303 2297 343 2350 1³⁸.
354 2297 435 2349 cxviii.
535 2297 545 2327 ²
561 2299 590 2348 dr
600 2306 646 2348 tua
657 2298 707 2364 lege
717 2299 757 2349 ve
769 2300 843 2350 cxviii
855 2300 907 2363 (Vu
917 2302 962 2366 g).

715 2642 842 2699 xm.

510 2774 729 2840 Ommouus
752 2786 823 2838 mo
846 2772 1051 2839 cumr-ms.

278 2909 379 2986 Deus,
394 2911 449 2994 qui
465 2911 678 2996 diligentibus
694 2920 727 2976 te
741 2910 821 2977 iacis
840 2922 960 2977 cuncta
981 2912 1145 2994 prodesse,
1159 2912 1205 2976 da
1218 2910 1326 2977 cordi.
1352 2921 1377 2962 n.

233 3014 296 3078 bus
311 3015 431 3079 nostris
446 3013 665 3080 inviolabilem
686 3015 832 3080 caritatis
851 3014 1008 3081 affectum
1018 3012 1039 3087 ¹,
1055 3023 1092 3079 ut
1106 3014 1269 3079 desideria
1283 3016 1327 3080 de
1353 2979 1423 3029 Pon.
1435 2976 1492 3041 ⁵²⁸·

235 3127 293 3182 tua
310 3118 524 3202 inspiratione
545 3128 707 3202 concepta
729 3116 819 3183 nulla
841 3120 969 3201 possint
990 3118 1175 3183 tentatione
1198 3118 1329 3183 mutari.

235 3220 306 3285 Per.

278 3341 369 3406 Deus
378 3338 401 3420 ²,
415 3343 472 3425 qui
496 3342 652 3406 iustitiam
675 3352 753 3407 tuae
775 3341 880 3425 legis⁸
898 3342 932 3405 in
948 3342 1102 3408 cordibus
1123 3341 1328 3407 credentium
1353 3343 1493 3406 va&

232 3445 338 3528 digito
352 3453 411 3509 tuo
432 3446 557 3522 scribis,
571 3446 616 3510 aa
634 3445 729 3509 nobis
751 3444 827 3510 suu
851 3454 884 3509 et
906 3445 976 3528 spei
997 3443 1234 3527 caritatisque⁴
1247 3464 1329 3528 aug·
1354 3407 1503 3538 ᾓξὲζξξζ

233 3556 392 3626 mentum,
416 3558 450 3613 et
473 3557 510 3612 ut
536 3568 721 3613 mereamur
742 3549 870 3632 assequi
892 3549 983 3632 quod
1005 3548 1173 3632 promittis
1194 3548 1245 3615 iac
1268 3569 1329 3613 nos

232 3671 342 3716 amare
359 3652 449 3734 quod
464 3652 660 3735 praecepisti
672 3651 692 3715 ⁶.
738 3652 809 3717 Per.

707 3822 853 3880 secretu

278 3937 379 4013 Deus,
397 3937 452 4019 qui
470 3955 538 4002 nos·
553 3937 595 4001 ad
619 3937 799 4019 imaginem
821 3945 913 4000 tuam
936 3935 1172 4003 sacramentis⁸
1191 3957 1330 4002 renovas
1355 3955 1380 3994 ι

235 4051 270 4105 et
294 4040 488 4124 praeceptis,
513 4038 634 4124 pertice
662 4059 795 4123 gressus
820 4050 950 4105 nostros
976 4041 1009 4104 in
1040 4040 1165 4105 semitis
1191 4041 1267 4116 tuis,
1293 4050 1330 4105 ut
1356 4012 1495 4075 Pm'⁵²⁹'

236 4146 381 4210 caritatis
395 4144 528 4226 donum,
543 4144 632 4226 quod
648 4141 755 4209 iecisti
770 4143 901 4210 anobis
917 4144 1039 4227 sperari
1048 4143 1071 4221 ⁷,
1083 4164 1142 4227 per
1152 4143 1234 4209 haec
1246 4163 1332 4228 quae

236 4246 403 4313 offerimus
419 4248 518 4312 facias
532 4245 689 4312 sacrificia
704 4247 917 4332 apprehendi.
962 4248 1034 4312 Per.

566 4452 567 4457 κ
656 4418 909 4476 Postoommun.

230 4522 232 4528 ’
280 4532 400 4598 Libera
415 4552 484 4609 noS,
496 4532 671 4610 Domine⁸,
681 4533 726 4597 ab
737 4532 827 4597 omni
840 4532 939 4611 malo,
949 4533 1176 4616 propitiusque
1187 4534 1332 4598 concede
1358 4545 1503 4609 houm.

236 4647 273 4702 ut
303 4658 389 4721 quae
414 4637 510 4701 nobis
539 4637 706 4720 poscimus
737 4636 889 4712 relaxari,
914 4637 975 4720 ipsi
1004 4657 1138 4721 quoque
1168 4637 1332 4720 proximis

235 4740 450 4805 remittamus.
495 4740 565 4804 Per.

269 4891 278 4921 ¹
294 4893 404 4960 effectum
416 4894 449 4945 V.
544 4893 554 4921 ¹
572 4894 732 4958 θηκαμένη
741 4909 792 4943 sm
815 4892 889 4943 'eme
899 4893 970 4944 Deus
981 4892 1050 4942 Pam.
1063 4892 1136 4943 Gerb.
1149 4891 1247 4954 holm
1263 4893 1294 4944 V.
1306 4909 1335 4943 ss

235 4966 294 5010 text.
392 4958 402 4987 ³
420 4958 545 5022 iustin'am
556 4964 627 5008 tuane
637 4958 710 5022 elep's
722 4959 752 5010 V.
763 4973 771 5018 3
809 4973 858 5008 rm.
870 4959 946 5009 Gerb.
958 4959 1040 5009 Iaeofr,
1051 4973 1080 5007 u
1095 4966 1153 5008 text.
1250 4958 1260 4988 ⁴
1267 4959 1336 5025 fidei

235 5025 446 5090 rprietcan'tatr's
457 5026 525 5074 Peru.
539 5024 725 5085 Gerb.1.eoir.;
742 5024 773 5075 V.
785 5039 814 5073 ar
824 5031 885 5075 text
942 5023 1155 5090 ‘quaproen'pr's
1165 5024 1254 5080 rma

233 5091 358 5156 praecipis
369 5090 445 5140 Gerb.
458 5091 538 5140 laeolr.
550 5107 556 5148 ;
573 5091 604 5139 V.
616 5106 644 5140 as
654 5097 714 5139 text.
812 5087 823 5117 ⁴
837 5096 910 5139 tuam
920 5096 991 5139 mum
1002 5089 1153 5139 sacramenti
1162 5090 1193 5139 V.
1203 5106 1210 5149 ς
1227 5101 1250 5140 ι.
1283 5105 1333 5140 ιω.

234 5172 263 5207 ts
274 5164 333 5206 text.
376 5152 385 5183 '
397 5156 483 5222 fecisti
493 5156 560 5206 uobis
569 5155 666 5223 spimr‘
677 5167 714 5216 Μ
733 5155 764 5206 V.
776 5155 845 5206 Pam
857 5171 885 5205 as
896 5164 954 5207 text
1016 5155 1026 5185 ⁸
1042 5155 1119 5205 Leon.
1132 5153 1207 5206 omits
1217 5155 1334 5206 Domine.
