3352 5828
303 416 365 500 156
581 422 709 479 LIBER
729 422 1118 480 SACRAMENTORUM
1300 424 1334 491 [1.
1345 426 1396 478 ciii.

798 653 891 711 0111.

303 783 565 851 Consacnamo
594 797 737 850 secane
766 796 1142 865 v1nc1u1s,Qunn1u
1170 783 1397 862 Emanium,

367 901 441 952 vnn
456 902 630 955 sncuunn
648 902 761 953 enum
778 888 962 967 Pisones,
977 901 1054 954 nus
1068 901 1109 951 ru
1123 900 1396 953 npossononuu

370 1004 576 1058 nonnemo
599 991 881 1058 censenserint

709 1128 870 1211 Sequitur
889 1130 1004 1194 oratio.

124 1260 202 1312 teon.
214 1275 271 1327 444
351 1249 492 1334 Respice
507 1250 677 1335 propitius,
692 1250 847 1328 Domine,
862 1248 1056 1335 superhanc
1071 1248 1229 1315 famulam
1244 1259 1346 1327 tuam,
1362 1258 1399 1314 ut

304 1353 501 1437 virginitatis
514 1363 646 1419 sanctae
660 1355 879 1439 propositum,
890 1353 980 1438 quod
992 1363 1026 1418 te
1040 1352 1219 1438 inspirante
1234 1352 1370 1438 suscipit
1378 1349 1401 1431 ²,

305 1468 341 1523 te
354 1459 558 1543 gubernante
572 1458 749 1523 custodiat.
794 1457 865 1523 Per.
888 1484 909 1541 γ

695 1613 781 1677 Item
802 1611 995 1678 Benedictio.

125 1748 202 1826 ¹⁸9⁰·
215 1762 273 1811 44⁴·
351 1732 451 1810 Deus,
480 1740 647 1799 castorum
677 1752 852 1817 corporum
886 1734 1047 1816 benignus
1075 1732 1251 1809 habitator,
1281 1742 1315 1796 et
1355 1732 1403 1796 in-

125 1813 281 1943 }ffiggu·
306 1847 533 1921 corruptarum
549 1835 664 1902 Deus³
678 1848 809 1903 amator
825 1838 1020 1916 animarum,
1036 1837 1129 1901 Deus
1148 1837 1204 1920 qui
1224 1837 1403 1922 humanam

126 1944 259 2061 613th
306 1940 537 2017 substantiam,
553 1941 585 2005 in
601 1941 714 2026 primis
728 1939 920 2006 homiuibus
932 1939 1096 2006 diabolica
1110 1939 1227 2005 fraude
1240 1940 1401 2016 vitiatam,

126 2088 167 2141 95·
195 2047 202 2060 ‘
233 2045 240 2061 '
307 2045 354 2110 ita
376 2044 410 2108 in
434 2044 548 2110 Verbo
567 2054 635 2124 tuo,
657 2066 716 2130 per
737 2045 829 2129 quod
847 2044 962 2111 omnia
983 2043 1071 2109 iacta
1092 2053 1178 2123 sunt,
1200 2064 1342 2130 reparas,
1365 2054 1403 2110 ut

306 2169 380 2215 eam
407 2168 474 2213 non
498 2148 605 2214 solum
630 2149 673 2213 ad
697 2150 826 2232 primae
851 2149 988 2233 originis
1013 2148 1233 2214 innocentiam
1261 2169 1403 2227 revoces,

306 2253 365 2318 sed
386 2253 545 2319 etiamad
561 2253 802 2338 experientiam
824 2252 1044 2336 quorumdam
1067 2248 1252 2318 bonorum⁴
1267 2272 1353 2336 quae
1368 2253 1402 2316 in

307 2377 395 2421 novo
409 2356 540 2421 saeculo
562 2354 659 2423 snut⁶
677 2355 841 2434 habenda,
861 2357 1031 2440 perducas,
1047 2365 1080 2420 et
1100 2355 1276 2421 obstrictos
1293 2355 1403 2421 adhuc

306 2460 496 2525 conditione
533 2459 733 2535 mortalium,
770 2459 837 2525 iam
874 2461 917 2524 ad
954 2459 1203 2524 similitudinem
1240 2458 1403 2544 provehas

307 2562 500 2645 angelorum
512 2584 520 2642 ;
543 2565 676 2647 respice,
703 2563 858 2642 Domine,
883 2583 982 2647 super
1006 2563 1092 2627 hanc
1117 2561 1276 2627 famulam
1301 2571 1404 2641 tuam,

307 2666 446 2751 quaein
469 2686 566 2730 manu
588 2675 648 2731 tua
669 2666 891 2732 continentiae
904 2687 984 2731 suae
999 2667 1205 2750 propositum
1227 2664 1404 2742 collocans,

308 2770 370 2835 tibi
385 2770 594 2835 devotionem
615 2790 709 2835 suam
731 2768 837 2850 offert,
852 2791 960 2854 aquo
980 2770 1051 2852 ipsa
1070 2769 1172 2835 vota⁶
1195 2771 1373 2854 assumpsit
1381 2765 1405 2833 ².

309 2872 455 2957 Quando
482 2874 568 2938 enim
594 2873 734 2952 animus,
760 2874 892 2938 mortali
923 2893 1019 2939 came
1043 2872 1271 2951 circumdatus,
1297 2872 1405 2956 legem

310 2987 457 3056 naturae,
471 2977 657 3042 libertatem
672 2976 834 3055 licentiae,
850 2978 918 3042 vim
939 2977 1191 3054 consuetudinis,
1206 2985 1240 3039 et
1253 2976 1407 3041 stimulos

311 3081 431 3146 aetatis
441 3083 611 3155 evinceret,
623 3081 684 3145 nisi
699 3091 735 3144 tu
751 3101 811 3165 per
824 3080 965 3146 liberum
977 3080 1147 3144 arbitrium
1158 3080 1245 3144 hunc
1260 3099 1406 3144 amorem

310 3184 507 3266 virginitatis
529 3183 728 3249 clementer⁸
751 3184 956 3259 accenderes,
971 3194 1007 3248 tu
1028 3184 1113 3248 hanc
1136 3183 1351 3266 cupiditatem
1375 3183 1408 3247 in

312 3287 448 3353 earum⁹
463 3288 562 3351 corde
579 3287 739 3371 benignus
759 3288 876 3363 aleres,
891 3297 928 3353 tu
943 3287 1168 3352 fortitudinem
1184 3287 1408 3351 ministrares?

312 3390 429 3455 Effusa
443 3410 586 3474 namque
601 3391 634 3455 in
648 3412 766 3456 omnes
780 3400 895 3475 gentes
910 3391 1015 3474 gratia
1029 3400 1096 3468 tua,
1111 3412 1154 3455 ex
1169 3390 1260 3454 omni
1275 3389 1408 3455 natione

312 3515 398 3579 quae
413 3505 464 3560 est
478 3494 538 3560 sub
556 3494 649 3559 caelo
659 3493 686 3534 ¹⁰
704 3495 736 3559 in
755 3495 927 3560 stellarum
946 3494 1214 3558 innumerabilem
1234 3513 1407 3559 numerum

313 3598 390 3663 novi
404 3598 594 3665 testamenti
615 3598 792 3664 heredibus
812 3599 990 3683 adoptatis,
1006 3599 1090 3663 inter
1108 3608 1252 3663 caeteras
1271 3599 1408 3662 virtutes

312 3723 398 3786 quae
413 3701 487 3766 filiis
506 3703 582 3781 tuis,
597 3722 665 3767 non
685 3722 729 3767 ex
749 3703 973 3787 sanguinibus,
992 3722 1096 3786 neque
1114 3723 1158 3767 ex
1177 3700 1407 3767 vonluntate¹¹
1421 3703 1481 3760 630

311 3806 426 3886 carnis,
448 3807 506 3871 sed
529 3807 572 3871 de
596 3815 656 3871 tuo
686 3804 813 3891 Spiritu
843 3806 972 3892 genitis,
995 3805 1140 3872 indidisti
1152 3828 1161 3887 ;
1182 3805 1283 3871 etiam
1309 3801 1409 3870 h0c¹¹

312 3912 437 3976 donum
460 3911 493 3974 in
516 3911 678 3993 quasdam
690 3909 717 3950 ¹⁸
740 3921 869 3976 mentes
891 3912 934 3976 de
958 3911 1116 3994 largitatis
1139 3920 1214 3975 tuae
1238 3910 1330 3976 fonte
1351 3912 1409 3975 de·

312 4013 419 4094 fluxit,
448 4022 486 4079 ut
515 4034 618 4098 quum
651 4014 812 4080 honorem
825 4013 854 4054 ¹⁴
885 4016 1073 4099 nuptiarum
1110 4014 1199 4079 nulla
1234 4014 1410 4080 interdicta

314 4118 517 4197 minuissent,
540 4139 579 4182 ac
603 4138 703 4203 super
726 4129 879 4184 sanctum
905 4119 1093 4202 coniugium
1117 4117 1247 4182 initialis
1258 4117 1286 4156 ¹³
1309 4119 1408 4183 bene·
1473 4107 1477 4116 ¹

266 4268 270 4282 .
313 4223 415 4288 dictio
444 4231 660 4306 permaneret,
690 4223 871 4287 existerent
901 4231 1011 4286 tamen
1040 4221 1244 4286 sublimiores
1267 4216 1409 4298 animae,

314 4345 400 4409 quae
429 4325 462 4389 in
488 4323 585 4389 viri¹⁸
609 4345 647 4389 ac
674 4325 819 4389 mulieris
845 4325 966 4410 copula
990 4325 1172 4390 fastidirent
1197 4325 1409 4401 connubium,

314 4429 581 4511 concupiscerent
592 4438 837 4494 sacramentum
848 4426 882 4505 ¹⁷,
895 4449 954 4494 nec
967 4429 1170 4493 imitarentur
1181 4429 1271 4511 quod
1286 4428 1410 4512 nuptiis

315 4532 431 4617 agitur,
447 4532 505 4596 scd
529 4531 703 4615 diligerent
724 4533 815 4616 quod
841 4533 967 4616 nuptiis
994 4540 1213 4616 praenotatur.
1257 4531 1411 4614 Agnovit

315 4644 481 4701 auctorem
512 4655 608 4700 suum
638 4637 737 4701 beata
766 4636 946 4721 virginitas,
980 4647 1013 4701 et
1049 4634 1179 4700 aemula
1212 4635 1412 4718 integritatis

316 4739 492 4824 angelicae,
513 4740 599 4805 illius
620 4738 778 4819 thalamo,
794 4739 880 4805 illius
902 4739 1054 4806 cubiculo
1075 4759 1110 4804 se
1131 4739 1266 4805 devovit
1279 4740 1344 4822 ¹qui
1365 4739 1411 4805 sic
