3352 5828
696 840 925 901 APPENDIX.

371 1010 444 1070 Post
460 1006 561 1070 Bened.
601 1005 639 1068 D.
660 1008 710 1089 qui
730 1008 823 1069 tribus
842 1006 940 1086 pueris

371 1108 516 1169 Ecclesiae
535 1117 601 1168 tuae
621 1105 697 1167 Dne.
717 1124 840 1168 munera
859 1104 1008 1167 sanctifica

372 1205 438 1266 VD.
458 1206 605 1282 Quoniam
625 1203 740 1266 mlubre
759 1203 934 1266 meditantes

371 1305 412 1380 Q.
432 1304 507 1366 Dne.
526 1302 566 1367 D.
585 1313 684 1365 noser
702 1314 736 1365 nt
755 1312 940 1365 sacromncta

371 1403 477 1465 Veniat
496 1403 572 1464 Dne.
592 1421 621 1481 q.
642 1401 754 1481 populo
774 1412 826 1462 tuo
846 1399 1023 1480 supplicanti

636 1548 693 1610 Die
713 1548 866 1610 Domata
893 1547 986 1608 Vocat.

371 1665 474 1728 Excita
494 1665 569 1727 Dne.
590 1666 748 1745 potentiam
771 1673 902 1726 tuamet
921 1664 987 1725 veni
1007 1673 1036 1724 et
1056 1680 1164 1742 magna

372 1765 486 1826 Adiuva
505 1763 581 1826 Dne.
603 1763 784 1844 fragilitatem
805 1762 900 1842 plebis
920 1772 988 1823 tuae

373 1863 526 1925 Sacrificiis
546 1862 746 1941 praesentibus
764 1861 842 1922 Dne.
862 1861 994 1941 placatus

371 1961 439 2023 VD.
460 1960 661 2022 sanctificator
680 1972 710 2022 et
729 1960 864 2022 conditor

373 2059 501 2138 Sumptis
521 2059 690 2120 muneribus
710 2058 786 2119 Dne.
809 2077 838 2139 q.
857 2069 890 2118 ut
911 2076 979 2119 cum

481 2210 533 2269 xii
550 2206 621 2268 Kal.
642 2206 708 2268 Ion.
728 2206 800 2268 Not.
822 2206 855 2268 S.
879 2207 996 2268 worse
1017 2206 1150 2284 Apostoli.

372 2323 420 2384 Da
440 2323 525 2383 nobis
546 2340 575 2401 q.
595 2321 672 2383 Dne.
692 2323 769 2382 beati
789 2322 914 2400 apostoli
933 2321 1069 2382 'rhomae

373 2421 512 2482 Debitum
532 2420 608 2481 Dne.
630 2429 747 2481 nostrae
767 2419 915 2481 reddimus
935 2421 1078 2480 servitutis

373 2519 441 2580 VD.
462 2518 524 2593 Qui
543 2518 696 2580 ecdesiam
715 2529 796 2580 tuam
816 2518 847 2578 in
867 2518 1034 2597 apostolicis

374 2617 523 2679 Conserva
542 2615 619 2678 Dne.
640 2615 783 2696 populum
802 2627 886 2677 tuum
906 2628 934 2676 et
955 2634 1042 2696 quem

506 2765 687 2827 Dmunlr'olr'o
709 2764 851 2827 Nouato·
868 2769 953 2827 umas
973 2765 1127 2842 Martyrri.

376 2882 496 2945 Noverit
516 2892 611 2943 vestra
630 2882 746 2943 devotio

375 2980 445 3041 Item
461 2982 614 3058 plurolrler
633 2979 704 3054 Quo
724 2979 831 3041 diaboli

375 3128 416 3189 In
443 3125 566 3207 Vr'gilr'o¹
586 3128 672 3188 mitt
691 3130 789 3188 soncb'.

376 3244 416 3319 Q.
435 3262 465 3304 o.
485 3242 523 3303 D.
545 3253 575 3303 ut
595 3253 696 3303 nostra
716 3243 832 3303 devotio

376 3341 537 3419 Magnifica
557 3339 633 3401 Dne.
654 3341 731 3401 beati
751 3340 800 3400 Ill.
821 3339 963 3401 solemnia

377 3436 459 3522 [VD.
480 3438 607 3500 Gloriosi
627 3437 675 3498 Ill.
696 3439 828 3516 martyris
848 3439 894 3498 vel
912 3434 1100 3519 confessoris]

357 3537 482 3598 *Sancta
501 3546 552 3596 tua
571 3534 647 3596 Dne.
667 3536 703 3596 de
723 3536 799 3596 beati
820 3535 869 3595 Ill.

1392 3212 1514 3265 atqup.

608 3683 738 3745 ruant.
762 3685 855 3745 uma.
873 3684 1029 3764 Martyro.
1393 3691 1523 3823 m.

375 3800 499 3861 Votivus
518 3818 574 3862 nos
595 3798 672 3860 Dne.
692 3818 723 3879 q.
742 3800 771 3859 b.
792 3801 926 3878 martyris

377 3896 430 3982 [D.
450 3900 501 3977 qui
521 3909 653 3959 sancmm
674 3898 760 3959 nobis
781 3897 867 3958 buius
887 3894 960 3981 diei]

377 3997 542 4058 Praesentia
561 4014 682 4058 munera
702 4014 731 4075 q.
751 3995 828 4058 Dne.
848 3997 889 4057 ita
909 4015 1011 4058 serena

358 4096 444 4156 sVD.
465 4095 513 4156 Te
533 4114 648 4175 semper
668 4095 699 4155 in
719 4094 807 4156 laude

380 4194 561 4272 Sumpsimus
582 4193 658 4254 Dne.
679 4211 702 4254 a
723 4192 774 4253 Ill.
794 4194 928 4271 mamyris

378 4292 466 4354 Plebs
486 4305 536 4353 tua
555 4291 630 4353 Dne.
652 4293 743 4352 sancti
764 4293 898 4369 martyris
919 4291 959 4352 tui

380 4390 480 4452 Sancti
500 4390 549 4451 Ill.
569 4392 704 4468 martyris
725 4391 768 4450 tui
789 4391 865 4451 Dne.

380 4487 496 4573 [eBeati
515 4490 647 4568 martyris
667 4490 709 4550 tui
730 4488 780 4548 Ill.
801 4507 855 4550 nos
876 4507 905 4569 q.
926 4487 1003 4550 Dne.
1023 4487 1171 4572 precibus]

379 4587 479 4672 [Beati
498 4590 632 4667 martyris
652 4588 694 4648 tui
714 4587 764 4648 Ill.
786 4607 841 4650 noa
861 4607 891 4666 q.
912 4587 988 4648 Dne.
1009 4584 1191 4669 patrociniis]

600 4737 639 4798 In
659 4736 731 4799 Nat.
756 4737 848 4798 Umor
870 4735 1051 4815 Cotffesson's.
1103 4803 1108 4812 ,

380 4854 492 4914 Adesto
513 4854 587 4916 Dne.
608 4856 742 4935 precibus
762 4853 869 4914 nostris
890 4871 963 4931 quas
984 4854 1014 4912 in
1034 4871 1057 4914 a
1079 4852 1263 4915 Confessosis

380 4952 480 5013 Sancti
499 4953 672 5014 confessoris
692 4953 733 5012 tui
754 4950 804 5010 Ill.
824 4969 880 5013 nos
900 4969 929 5030 q.
950 4952 1025 5012 Dne.

380 5051 539 5131 Propitiare
561 5051 636 5111 Dne.
656 5071 685 5130 q.
707 5051 965 5130 supplicationibus

732 5171 740 5200 ¹
759 5174 791 5224 In
803 5164 875 5224 Nati.
888 5174 920 5224 R.
