3352 5828
703 839 932 897 APPENDIX.

422 964 427 981 '
552 1001 595 1088 [a
615 1002 685 1064 aas
706 1002 780 1083 seps.
802 1001 875 1064 ms.
896 1002 929 1064 s,
950 1001 1080 1063 sarrae.

376 1122 492 1184 Exaudi
512 1140 568 1183 nos
587 1120 625 1180 D.
647 1119 777 1181 salutans
797 1129 895 1180 noster
915 1128 948 1180 ut
969 1118 1042 1180 sicut
1159 1175 1162 1183 .

376 1220 531 1283 Gratanter
550 1218 625 1281 Dne.
646 1219 685 1279 ad
703 1236 827 1280 munera
846 1217 972 1280 dicanda

378 1319 510 1381 Purificet
529 1337 585 1380 nos
604 1318 680 1380 Dne.
700 1336 730 1397 q.
751 1327 780 1379 et
800 1314 902 1400 divisi]

318 1466 436 1553 [Eodem
457 1467 523 1551 die}
564 1467 614 1550 (rii
629 1467 672 1528 K.
693 1465 756 1545 Sep.
778 1466 830 1548 R)
850 1466 957 1527 Passio
977 1463 1009 1526 S.
1030 1463 1149 1525 Iocnm's
1168 1465 1324 1544 Baptistae.
1392 1466 1521 1533 Gerbpp.

380 1583 478 1646 Sancti
498 1585 617 1646 Ioannis
636 1583 783 1662 Baptistae
803 1592 833 1644 et
852 1583 986 1660 martyris
1396 1543 1515 1600 mm

380 1686 527 1766 Perpetuis
547 1706 601 1748 nos
621 1685 695 1748 Dne.
715 1703 739 1747 s.
760 1685 880 1746 Ioannis
901 1683 1047 1762 Baptistae
1125 1697 1134 1716 ⁴

380 1784 505 1847 Munera
524 1787 575 1846 tibi
596 1784 672 1847 Dne.
692 1803 756 1864 pro.
778 1803 801 1845 s.
822 1784 958 1860 martyris

379 1883 517 1945 Conferat
537 1885 622 1945 nobis
641 1882 717 1945 Dne.
738 1901 761 1944 s
782 1882 902 1944 loannis
921 1893 1076 1960 utrumque

460 2029 513 2114 [ss
529 2032 601 2094 Kar.
622 2033 695 2113 Sept.
715 2033 789 2096 Nae.
810 2031 868 2094 ss.
888 2032 994 2092 serni
1013 2038 1039 2091 es
1059 2033 1193 2094 Anas:

379 2148 565 2211 Maiestatem
584 2160 664 2210 tuam
685 2148 761 2210 Dne.
781 2147 926 2227 supplices

380 2249 502 2310 Hostias
520 2248 598 2310 Dne.
615 2258 684 2309 tuae
703 2247 797 2327 plebis

382 2347 498 2426 Repleti
517 2346 593 2409 Dne.
614 2347 782 2407 muneribus
801 2343 904 2429 sacris]

609 2496 681 2559 Kal.
702 2495 776 2576 Sept.
797 2494 870 2557 Nat.
890 2493 923 2556 S.
942 2495 1050 2556 Pnics'.

386 2612 425 2675 O.
445 2630 469 2674 s.
490 2613 529 2674 D.
550 2613 689 2675 fortitudo
710 2613 880 2674 certantium

370 2710 460 2774 *Eius
478 2712 531 2772 ubi
550 2711 684 2790 precibus
704 2709 779 2772 Dne.
799 2729 829 2790 q.
851 2720 933 2788 grata
952 2709 1085 2771 reddatur

392 2807 459 2870 VD.
480 2809 541 2884 Qui
562 2810 604 2871 sic
623 2810 722 2871 tribuis
742 2809 893 2871 ecclesiam

388 2907 506 2970 Praesta
526 2927 554 2988 q.
575 2908 651 2970 Dne.
671 2918 704 2969 ut
724 2908 894 2969 sacramenti
914 2907 956 2966 tui

597 3048 689 3110 Hebri.
708 3051 767 3110 xvi
776 3056 844 3128 post
862 3047 1046 3109 Pentecosten.

388 3163 511 3225 Custodi
530 3163 605 3226 Dne.
625 3183 655 3243 q.
674 3164 825 3225 ecclesiam
844 3174 926 3224 tuam

388 3261 506 3323 Praesta
524 3262 609 3323 nobis
629 3281 668 3322 na
688 3260 726 3320 D.
746 3271 778 3322 ut
797 3261 991 3340 placationem

388 3359 525 3422 Concede
545 3362 630 3421 nobis
651 3359 726 3420 Dne.
747 3378 777 3439 q.
797 3372 829 3420 ut
848 3359 921 3420 baec
941 3359 1035 3419 bosna

370 3457 454 3519 sVD.
474 3457 535 3532 Qui
555 3457 722 3518 aeternitate
743 3456 897 3518 sacerdotii

389 3555 544 3616 Purificent
563 3573 678 3634 semper
697 3564 726 3615 et
745 3554 879 3613 muniant

296 3707 331 3766 m·
346 3704 392 3766 rr.
414 3703 488 3782 seps.
507 3703 657 3766 amaras
676 3701 708 3764 s.
728 3701 857 3763 nana.
896 3701 1000 3762 nam
1021 3703 1065 3761 so
1083 3701 1155 3764 nas.
1175 3701 1207 3763 s,
1229 3704 1366 3763 anana
1406 3715 1482 3769 cns
1493 3731 1539 3782 ρ..

372 3821 515 3883 eAdiuvet
535 3838 590 3881 nos
609 3838 639 3898 q.
659 3817 734 3880 Dne.
757 3827 876 3879 mactae
897 3817 1011 3878 Mariae
1408 3795 1463 3848 ¹⁷³⁹
1475 3792 1531 3846 '⁷⁴'

390 3919 501 3980 Adesto
521 3919 606 3980 nobis
626 3936 654 3979 o.
675 3916 712 3977 D.
733 3918 835 3978 beane
855 3915 968 3977 Mariae
988 3916 1061 3977 festa

391 4014 636 4101 [Supplicationes
655 4033 803 4077 servorum
822 4024 941 4076 tuorum
961 4013 999 4074 D.
1019 4013 1181 4098 miserator]

373 4116 497 4195 *Accipe
517 4133 638 4176 munera
658 4113 733 4175 Dne.
755 4131 830 4193 quae
852 4115 882 4174 in
903 4114 931 4174 b
954 4112 1067 4174 Mariae

394 4211 531 4298 [Suscipe
550 4213 626 4275 Dne.
646 4233 676 4293 q.
695 4212 805 4273 hostias
824 4209 1010 4295 placationis]

394 4310 557 4396 [Unigeniti
577 4312 619 4371 tui
638 4310 715 4371 Dne.
737 4310 822 4372 nobis
841 4306 1004 4393 succurrat]

374 4409 459 4470 *VD
479 4409 555 4472 Vere
575 4409 761 4488 dignum...
783 4408 908 4470 salutm
927 4426 984 4470 nos
1004 4409 1056 4469 ubi

395 4508 524 4588 Sumptis
544 4508 617 4570 Dne.
637 4507 825 4570 sacramentis
845 4507 1040 4568 intercedente

396 4604 539 4690 [Famulis
559 4609 614 4668 tuis
634 4605 710 4667 Dne.
726 4606 856 4667 caelestis
876 4607 988 4685 gratiae
1007 4602 1129 4689 munus]

585 4754 618 4839 [o
638 4755 684 4814 Id.
704 4754 779 4834 Sept.
798 4755 871 4816 Nat.
892 4752 926 4816 S.
950 4752 1103 4834 Gargonii.
1414 4770 1483 4822 Gerb

395 4872 521 4934 Sanctus
541 4872 616 4933 Dne.
635 4870 805 4950 Gorgonius
825 4889 879 4932 sua
898 4889 955 4932 nos
1413 4852 1439 4902 Ρ·
1454 4847 1507 4900 ¹⁷4

396 4970 490 5033 Grata
509 4973 546 5032 sit
566 4971 616 5032 tibi
636 4969 710 5030 Dne.
730 4980 849 5030 nostrae
870 4971 1013 5031 servitutis
1032 4971 1145 5033 oblatio

378 5069 462 5130 .vD.
482 5070 585 5151 Teque
605 5070 636 5129 in
656 5080 821 5130 anctorum
841 5079 958 5130 tuorum
979 5069 1209 5132 confessionibus

396 5168 547 5230 Familiam
567 5181 647 5229 tuam
666 5167 705 5229 D.
725 5168 850 5229 navius
870 5167 920 5228 iila
940 5164 1104 5250 confingat]

357 5299 359 5303 ’
796 5280 820 5328 Α
835 5283 855 5328 a
872 5281 891 5329 2
