3352 5828
285 797 306 850 1.
318 794 410 864 mvn
595 794 808 853 nouenae·
827 791 1069 851 accensens.
1334 793 1377 866 53

284 963 306 994 ⁸⁸
322 961 467 1028 mldfarlo
494 960 565 1014 Miss
591 960 678 1022 Gsltt
708 960 766 1012 mul
780 959 870 1011 'adae
889 959 939 1019 V.;
970 958 1039 1010 Sacr.
1059 954 1132 1009 osu.
1161 954 1237 1008 Gerb.
1263 969 1292 1006 as
1317 959 1380 1005 text.

286 1159 382 1211 &utus
395 1158 431 1210 sic
445 1158 651 1225 mousom
667 1157 739 1208 V.M
794 1156 980 1216 Gslt=sstext3
995 1152 1140 1206 Surculi
1152 1150 1380 1202 omitstheclunse.

286 1222 308 1255 ⁸⁸
322 1223 394 1275 uin.
406 1223 473 1275 Gsll.
484 1225 571 1276 ium
580 1230 611 1275 ct.
658 1220 679 1253 ⁸¹
695 1221 846 1288 infirmitate
856 1222 927 1272 Miss.
941 1219 1008 1272 Gall.
1017 1219 1102 1286 (perite
1118 1226 1120 1230 “
1143 1217 1183 1268 tor
1192 1215 1381 1282 cirfirmitou);

287 1289 526 1350 mouturam
541 1288 687 1340 Scor-Gall.
699 1287 933 1353 omitsthephme.
1053 1283 1074 1315 ¹·
1152 1282 1159 1296 ‘
1187 1282 1193 1296 ⁸
1244 1282 1291 1340 V.;
1308 1281 1382 1331 Mitt.

288 1353 553 1408 outcouuaxc
681 1345 1381 1409 ’Gernommaaumltaoslthuuroaoiaex

283 1425 394 1486 persona
411 1420 510 1471 Christi
522 1419 597 1480 dui&
612 1417 819 1470 &montale
833 1417 902 1467 enim
918 1415 1169 1480 Davu’derpersona
1181 1412 1295 1472 Circum
1311 1410 1382 1460 Vas

288 1492 349 1536 text.
436 1485 457 1519 ‘⁰
472 1500 580 1551 regnaris
589 1484 658 1534 Mlss
672 1483 740 1534 Gau
752 1483 818 1533 Sscr.
832 1482 914 1539 Gella
932 1481 964 1533 V.
980 1481 1056 1532 Gerb.
1068 1496 1095 1530 ss
1105 1485 1165 1529 text.
1249 1476 1269 1507 ⁴¹
1285 1490 1382 1527 omnem

281 1548 449 1616 festivitatem
459 1549 511 1615 Ἄ(
656 1547 754 1627 dpelly)
765 1564 773 1611 ς
789 1548 854 1626 Μία
864 1547 933 1597 Gall.
945 1545 1021 1598 Gerb.
1033 1551 1138 1602 utut:
1155 1543 1221 1594 Sscr
1229 1540 1296 1593 Gull.
1307 1541 1383 1591 omits

291 1753 380 1813 regnat
388 1747 459 1798 Deus
469 1747 539 1798 Miss.
550 1744 617 1798 Gsll.

756 1905 888 1965 mv
899 1895 922 1964 ¹.

415 2021 559 2088 lucum
581 2020 797 2088 Parasino
818 2018 986 2086 Suusou
1009 2033 1061 2084 an
1084 2029 1266 2084 sueonos:
1410 2020 1559 2086 cauus.

327 2141 374 2207 Id
384 2152 440 2223 est,
457 2151 630 2227 antequam
643 2142 724 2210 droco
743 2141 939 2228 Symbolum,
953 2140 1008 2208 his
1022 2140 1130 2208 uerbis
1136 2138 1350 2225 prosequeris.

337 2262 549 2329 Dilectissimi
570 2264 676 2341 nobis,
698 2263 865 2348 accepturi
888 2269 1096 2328 sacramenta
1115 2259 1335 2346 baptismatis,
1354 2266 1388 2325 et

294 2366 327 2430 in
350 2387 469 2432 novam
484 2377 666 2432 creaturam
680 2367 785 2433 sancti
806 2365 948 2451 Spiritus
964 2365 1170 2450 procreandi,
1185 2364 1284 2431 fidem
1299 2359 1390 2448 qua⁸

296 2471 468 2536 credentes
485 2471 681 2538 iustificandi
702 2472 782 2538 estis
803 2480 879 2536 toto
900 2471 1001 2537 corde
1020 2469 1194 2554 concipite,
1215 2479 1250 2535 et
1270 2466 1389 2533 animis

297 2574 414 2640 vestris
445 2595 557 2641 veram
593 2575 873 2641 conversationem
904 2573 1043 2640 mutatis
1054 2573 1076 2654 ⁸,
1104 2573 1149 2639 ad
1180 2573 1301 2652 Deum,
1331 2571 1390 2655 qui

225 2678 473 2747 monentium
484 2676 693 2745 nostrarum⁴
708 2688 758 2744 est
773 2676 983 2754 illuminator,
993 2676 1170 2754 accedite⁶,
1179 2675 1391 2760 suscipientes

300 2781 480 2867 evangelici
505 2782 647 2865 symboli
675 2780 950 2860 sacramenmmt
973 2802 994 2846 a
1014 2781 1170 2845 Domino
1200 2778 1391 2863 inspiratum

301 2884 367 2949 reb⁷
393 2885 553 2970 apostolis
577 2886 774 2964 institutum,
794 2885 886 2949 cuius
912 2903 1016 2968 pauca
1036 2884 1172 2966 quidem
1193 2882 1292 2946 verba
1314 2890 1391 2945 sunt

301 2987 361 3053 sed
377 3008 497 3072 magna
512 2989 674 3073 mysteria
706 2987 849 3054 Sanctus
863 2987 986 3051 etenim
997 2984 1147 3070 Spiritus,
1159 2985 1216 3068 qui
1227 2982 1392 3066 magistris
1456 3048 1460 3057 ,

302 3090 459 3156 ecclesiae
480 3092 544 3155 ista
564 3090 700 3156 dictavit
719 3090 780 3154 tali
799 3089 940 3172 eloquio,
955 3088 1078 3172 talique
1093 3087 1262 3161 brevitate,
1279 3085 1394 3150 saluti·

300 3193 402 3259 seram
422 3193 571 3259 condidit
590 3191 700 3270 fidem,
716 3203 753 3258 ut
773 3193 863 3277 quod
880 3191 1078 3258 credendum
1099 3188 1216 3255 vobis⁸
1233 3198 1293 3266 est,
1307 3208 1394 3254 sem·

301 3316 423 3380 perque
444 3295 664 3381 profitendum
673 3295 696 3374 ⁹,
718 3316 779 3362 nec
800 3295 1052 3379 intelligentiam
1074 3294 1180 3378 possit
1200 3290 1311 3371 latere,
1333 3311 1394 3357 nec

303 3399 495 3463 memoriam
525 3398 663 3483 fatigare
672 3395 708 3463 ¹⁰.
752 3398 894 3463 Intentis
920 3398 1031 3480 itaque
1052 3397 1170 3461 animis
1194 3394 1394 3478 Symbolum

302 3501 426 3579 discite,
441 3511 476 3567 et
490 3503 580 3584 quod
595 3500 689 3566 vobis
702 3500 788 3566 sicut
801 3499 990 3583 accepimus
1002 3496 1028 3537 ¹¹
1043 3499 1203 3564 tradimus
1218 3519 1283 3563 non
1298 3497 1395 3564 alicui

304 3604 458 3669 materiae
478 3624 563 3688 quae
573 3600 600 3642 ¹²
618 3604 782 3688 corrumpi
800 3612 921 3688 potest,
938 3602 998 3667 sed
1016 3602 1147 3686 paginis
1168 3601 1267 3666 vestri
1286 3601 1395 3667 cordis

302 3706 466 3772 ascribite.
510 3706 682 3772 Confessio
704 3706 818 3790 itaque
847 3702 961 3770 fidei¹³
992 3725 1092 3788 quarn
1122 3704 1310 3788 suscepistis
1332 3703 1396 3770 hoc

305 3810 475 3877 inchoatur
488 3811 632 3876 exordio.

347 3957 432 4022 Post
454 3955 540 4037 laec,
561 3958 717 4041 comptius
742 3956 883 4040 acolytus
907 3976 1010 4020 unum
1037 3977 1079 4020 er
1106 3957 1187 4040 ipses
1214 3955 1398 4039 infantibus

307 4054 493 4140 manuum,
508 4070 615 4126 terrem
635 4082 708 4126 eum
716 4057 744 4101 ¹⁴
765 4062 802 4127 r‘rr
822 4061 958 4126 sinistro
979 4059 1109 4126 bruelio
1121 4071 1243 4144 ponens
1264 4079 1398 4125 manum

306 4174 401 4248 super
427 4174 522 4248 caput
544 4164 659 4230 eiust.
714 4164 767 4229 Et
795 4166 979 4246 interrogat
999 4161 1067 4229 el¹⁸
1089 4163 1266 4248 presbyter.
1321 4160 1399 4246 Qua

307 4266 420 4353 lingua
444 4267 639 4334 confitentur
647 4265 672 4309 ¹⁷
704 4268 885 4334 Dominum
907 4278 1057 4333 nostrum
1080 4266 1191 4332 Iesum
1208 4265 1398 4332 Christum?

310 4371 352 4445 Rc
376 4371 503 4438 Graece
516 4369 553 4436 ¹⁸.
601 4372 728 4438 Iterum
752 4368 873 4438 dc'cit²⁹
894 4370 1072 4455 presbyter,
1095 4369 1270 4436 Annuntia
1298 4369 1399 4436 fidem

310 4475 456 4558 ipsorum
481 4475 621 4560 qualiter
641 4475 825 4542 creduntffl.
869 4474 923 4539 Et
946 4473 1030 4540 dc'eit
1049 4473 1192 4556 acolytus
1214 4472 1400 4557 Symbolum

312 4577 434 4643 Graece
453 4579 658 4659 decmtando,
681 4589 790 4644 teum
811 4598 946 4644 manum
967 4588 1064 4660 super
1083 4585 1180 4659 caput
1198 4577 1350 4659 infantis,
1365 4576 1400 4642 s‘rr

308 4679 363 4748 'ltus
376 4681 483 4747 verbis
491 4680 536 4746 ²¹:

371 4794 473 4863 Credo
501 4799 537 4864 in
551 4818 650 4863 unum
674 4797 782 4863 Deum
797 4798 937 4863 Patrem
973 4798 1219 4880 omnipotentem
1238 4795 1402 4879 factorem

355 4899 490 4966 Pisteuo
520 4900 573 4966 his
586 4921 647 4966 ena
680 4900 799 4967 Theon
824 4902 944 4967 Patera
966 4901 1227 4985 panhocratoran
1264 4899 1380 4985 pyetin

320 5019 404 5087 caeli
436 5031 470 5087 et
484 5029 590 5087 terrae
611 5022 787 5088 visibilium
839 5025 985 5088 mnium
1046 5032 1079 5087 et
1091 5021 1307 5087 invisibilium
1339 5020 1392 5085 Et

312 5143 416 5190 uranu
452 5126 516 5190 kae
530 5126 580 5210 gis
646 5137 761 5192 oraton
815 5126 877 5192 kae
894 5137 1020 5211 panton
1067 5127 1131 5191 kae
1146 5134 1283 5194 auraton
1328 5125 1404 5192 Kae
