3352 5828
416 369 481 458 32⁶
848 379 1080 437 apponunt.

235 546 391 616 seruate·
497 542 586 604 Ferro
600 562 618 604 u
632 541 712 621 rbsro
729 543 1003 624 Qurqugeninum.
1046 545 1100 605 Ad
1110 544 1142 605 S.
1159 544 1309 625 Georgium
1323 544 1424 608 Statio.

245 664 249 673 '
516 658 565 720 De
584 678 612 738 q.
632 657 709 719 Due.
730 657 862 721 fidelibus
883 660 941 721 tuis
961 660 1074 721 ieiuniis

516 757 577 819 Dae
597 759 657 817 noa'
672 756 799 836 q.·Dne.
820 758 920 820 salutis
941 768 1058 820 uosuse
1078 826 1081 833 .

518 855 660 936 Haecque
681 874 736 918 nos
756 866 891 936 reparent
911 855 1012 936 (Haec
1032 876 1109 937 quse
1128 875 1184 920 nos
1203 869 1337 938 reparant
1356 855 1416 938 R.)

518 954 695 1017 Inclinantes
716 974 748 1017 se
768 954 845 1017 Dne.
865 955 1010 1017 maiestati
1033 965 1101 1016 tuae

383 1155 390 1170 .
498 1114 588 1176 Ferro
605 1117 639 1176 ui
652 1116 735 1196 infra
752 1115 1028 1196 Qaaqmgmnam.
1070 1115 1163 1177 Statio
1175 1117 1217 1176 od
1230 1115 1287 1179 SS.
1300 1115 1433 1177 Ioannem

882 1216 1055 1276 etPauluaa

500 1330 658 1392 *inchoata
678 1331 784 1392 ieiunia
804 1350 832 1411 q.
852 1329 930 1392 Dne.
952 1331 1082 1410 benigno

518 1430 631 1490 Adiuva
651 1449 707 1491 nos
727 1429 766 1490 D.
787 1429 920 1490 salutaris
940 1438 1039 1492 noster

522 1527 665 1606 Praepara
686 1545 742 1589 nos
762 1547 791 1608 q.
813 1527 890 1589 Dne.
911 1528 997 1589 buius
1017 1528 1192 1607 praecipuae

520 1625 631 1686 Tribue
651 1627 737 1687 nobis
757 1645 786 1687 o.
806 1625 844 1688 D.
859 1636 896 1686 ut
917 1625 997 1688 dona
1017 1626 1151 1688 caelestia

500 1724 637 1785 ePraesta
657 1724 772 1785 famulis
793 1724 849 1785 tuis
873 1723 950 1786 Dne.
970 1724 1181 1786 abundantiam

709 1884 830 1948 Sabbata
849 1887 935 1968 obsta
958 1872 1231 1966 Qanquageirnam.

518 2002 734 2064 observationis
755 2002 840 2063 huius
860 2019 960 2063 annua
979 2002 1145 2064 celebritate

518 2099 630 2161 Adesto
649 2098 726 2163 Dne.
747 2099 842 2179 suppl.
864 2101 971 2161 nostris
991 2111 1021 2161 et
1041 2100 1098 2162 hoc
1119 2099 1251 2161 solemne

518 2197 638 2277 Suseipe
657 2196 735 2260 Dne.
757 2197 930 2259 sacrificium
950 2198 1033 2258 cuius
1053 2208 1083 2258 te
1104 2197 1219 2259 voluisti

516 2295 657 2358 Caelestis
676 2298 751 2358 vitae
772 2316 893 2358 munere
913 2296 1037 2376 vegetati
1058 2316 1086 2375 q.
1102 2295 1170 2356 Due

498 2394 628 2456 eFideles
648 2396 690 2456 tui
711 2396 787 2456 Dne.
807 2414 860 2475 per
880 2406 931 2457 tua
952 2396 1031 2457 dona

530 2550 570 2612 In
592 2551 815 2632 Quodaogca’mo
834 2554 876 2613 ad
893 2551 926 2615 S.
947 2551 1081 2614 Ioannem
1102 2555 1144 2614 ad
1160 2550 1327 2634 Munati
1340 2551 1399 2634 tt).

497 2666 597 2728 *Deus
613 2668 663 2744 qui
683 2668 837 2729 ecclesiam
857 2678 938 2729 tuam
959 2686 1057 2728 annua

520 2765 658 2827 Concede
679 2766 764 2826 nobis
784 2783 812 2828 0.
835 2765 873 2826 D.
894 2776 927 2826 ut
946 2785 998 2846 per
1018 2784 1118 2826 annua

519 2862 696 2922 Sacrificium
716 2861 793 2923 Due.
814 2863 1071 2941 quadragesimalis
1092 2865 1163 2925 initii

501 2959 585 3018 eVD.
606 2959 667 3033 Qui
687 2961 864 3021 continuatis
884 2961 1076 3038 quadraginta
1097 2961 1198 3021 diebus

521 3058 580 3118 Tui
601 3075 656 3118 nos
676 3057 753 3117 Dne.
774 3059 949 3118 sacramenti
970 3058 1070 3118 libatio

520 3156 612 3235 Super
632 3147 772 3235 populum
793 3167 875 3218 tuum
895 3155 972 3216 Dne.
993 3175 1022 3237 q.
1043 3157 1209 3218 benedictio

520 3257 574 3316 Ad
590 3266 660 3333 vesp.
701 3254 750 3316 Da
771 3256 857 3316 nobis
877 3274 906 3335 q.
929 3275 957 3316 o.
978 3255 1016 3316 D.
1037 3267 1068 3317 et
1088 3267 1223 3317 aeternae

521 3353 698 3438 [Adsbntes.
737 3353 849 3417 Adesto
869 3374 898 3435 q.
921 3354 998 3416 Due.
1019 3354 1289 3440 supplicationibus]

532 3514 621 3574 Ferio
641 3517 668 3573 r'r'
684 3516 725 3574 ad
741 3512 773 3576 S.
793 3515 912 3574 Petrum
932 3514 974 3573 od
998 3513 1115 3574 mocula
1128 3513 1179 3596 (R.
1199 3515 1272 3574 adds
1291 3513 1346 3576 Ed.
1367 3511 1401 3594 ι).

520 3630 663 3691 Converte
684 3649 738 3690 nos
758 3628 796 3689 D.
817 3630 951 3691 salutaris
970 3639 1071 3690 noster
1091 3640 1121 3691 et
1141 3640 1173 3690 ut
1193 3631 1278 3691 nobis

519 3727 673 3789 Sanctifica
693 3729 769 3789 Dne.
791 3747 819 3808 q.
840 3738 940 3788 nostra
960 3729 1068 3789 ieiunia

521 3831 652 3911 Accepta
671 3830 721 3892 tibi
742 3831 777 3892 sit
798 3829 875 3892 Dne.
896 3841 1014 3894 nostrae
1035 3830 1199 3894 devotionis

522 3926 621 4012 [sVD.
643 3930 703 4006 Qui
723 3929 777 3991 das
798 3949 896 3992 escam
917 3932 998 3991 omni
1018 3929 1120 4015 came]

522 4030 660 4092 Salutaris
679 4030 720 4090 tui
738 4029 817 4101 Dne.
837 4048 959 4091 munere
979 4031 1074 4093 satiati

520 4129 593 4189 Esto
613 4129 688 4189 Dne.
709 4130 851 4208 propitius
872 4130 951 4208 plebi
971 4140 1038 4191 tuae

600 4288 690 4347 Ferro
709 4289 749 4347 iii
765 4290 806 4348 ad
823 4287 856 4349 S.
879 4289 1065 4348 Anastaaonr
1080 4287 1130 4368 (R.
1146 4289 1218 4349 adds
1234 4288 1288 4348 Εὖ.
1304 4290 1344 4370 ι).

521 4402 646 4482 Respice
662 4403 739 4464 Dne.
758 4403 899 4463 familiam
920 4414 1001 4464 tuam
1023 4413 1053 4463 et
1073 4413 1188 4481 praesta

519 4504 625 4563 Pacem
646 4504 731 4564 nobis
752 4503 845 4562 tribue
866 4502 944 4563 Dne.
966 4521 995 4580 q.
1015 4503 1121 4562 mentis
1142 4515 1171 4564 et
1191 4504 1322 4581 corporis

520 4602 631 4663 Oblatis
652 4622 680 4682 q.
696 4601 777 4662 Dne.
799 4603 916 4680 placare
937 4603 1107 4664 muneribus

521 4698 619 4783 [er.
639 4702 757 4780 loquo
778 4697 982 4781 ieiunantium]
