3352 5828
325 363 389 450 298
608 371 737 430 usas
756 370 1144 431 SACRAMENTORUM
1299 371 1429 440 [suaet

324 536 472 602 animam
481 535 508 576 ⁸¹
532 535 641 603 Iratris
664 536 770 603 nostri
791 536 889 603 Illius
909 557 1009 623 quem
1032 535 1170 602 Domini
1188 535 1295 621 pietas
1311 537 1355 602 de
1375 536 1429 601 in-

325 641 435 708 colatu
466 642 582 707 mundi
611 641 709 707 huius
744 643 880 708 transire
919 643 1097 726 praecepit,
1125 641 1253 725 requies
1290 651 1428 708 aeterna

325 745 494 831 suscipiat,
517 756 552 813 et
576 765 651 811 eam
673 748 774 812 beata
782 743 810 784 ⁸²
830 745 1065 812 resurrectione
1086 743 1310 833 praesentet⁸⁸
1332 756 1367 813 et
1390 745 1428 810 in

326 850 451 917 sinibus
481 848 640 917 Abrahae
669 859 703 915 et
737 850 832 915 Isaac
861 859 896 914 et
933 848 1034 915 Iacob
1071 848 1233 915 collocare
1261 849 1427 933 dignetur.

329 954 391 1019 Per
401 954 438 1018 ²⁰.

146 1085 216 1138 Rs.
373 1074 477 1152 Deus,
497 1074 554 1159 qui
581 1076 808 1141 uniuersorum
831 1083 958 1140 creator
982 1084 1016 1140 et
1040 1073 1190 1141 conditor
1218 1070 1304 1152 3⁸⁴,
1330 1071 1427 1158 qui⁸⁵

146 1152 296 1269 ⁶323&
330 1198 434 1264 quum
463 1179 509 1244 sis
536 1189 672 1244 tuorum
697 1177 871 1244 beatitudo
900 1187 1088 1245 sanctorum
1101 1177 1139 1258 ⁸⁶,
1169 1186 1301 1262 praesta
1328 1176 1428 1242 nobis

147 1297 224 1400 {2955
329 1283 527 1366 petentibus,
565 1294 603 1349 ut
638 1280 821 1350 ammam⁸⁷
857 1281 965 1348 Irauis
1001 1281 1104 1346 nostri
1139 1280 1245 1359 Illius,
1279 1281 1429 1366 corporis

224 1360 296 1400 '²⁰¹'
329 1387 471 1454 nexibus
491 1387 680 1454 absolutam
690 1387 727 1467 ⁸⁷,
741 1387 775 1453 in
796 1385 939 1471 prima⁸⁸
960 1385 1193 1452 resurrectione
1212 1385 1314 1451 facias
1332 1406 1430 1470 prae-

277 1579 286 1590 ⁶
328 1489 499 1557 sentari⁸⁹.
545 1493 616 1557 Per.

416 1656 501 1720 Item
516 1657 678 1722 oratum
693 1655 740 1720 ad
751 1653 939 1739 sepulcrum,
946 1655 1143 1739 priusquam
1157 1655 1338 1740 sepeliatur.

149 1778 233 1831 taeofr.
242 1793 298 1830 ²01·
375 1774 526 1856 Oremus,
541 1777 657 1842 fratres
672 1776 831 1842 carissimi
837 1774 873 1855 ⁹⁰,
884 1796 945 1860 pro
959 1776 1072 1842 anima
1079 1774 1106 1814 ⁹¹
1121 1775 1188 1840 cari
1203 1775 1307 1841 nostri
1316 1773 1429 1850 Illius,

330 1897 429 1962 quem
452 1878 618 1944 Dominus
641 1877 685 1945 de
711 1879 831 1964 laqueo
853 1879 952 1945 huius
973 1877 1095 1945 saeculi
1116 1877 1255 1944 liberare
1270 1878 1430 1962 dignatus

330 1989 389 2062 est,
411 1982 503 2048 cuius
525 1982 758 2066 corpusculum
784 1983 884 2048 hodie
907 1981 1097 2067 sepulturae
1122 1982 1271 2058 traditur,
1289 1990 1327 2047 ut
1349 2002 1430 2048 eum

330 2085 468 2152 Domini
489 2088 596 2172 pietas
614 2088 700 2154 inter
719 2096 853 2154 sanctos
876 2096 910 2153 et
929 2087 1053 2152 electos
1073 2106 1160 2171 suos,
1175 2087 1210 2152 id
1231 2095 1283 2152 est
1302 2086 1337 2150 in
1353 2085 1429 2150 sinu

329 2188 496 2267 Abrahae,
528 2190 631 2270 Isaac,
658 2199 693 2255 et
724 2190 835 2268 Iacob,
859 2182 1023 2257 collocare
1050 2190 1212 2275 dignetur,
1237 2197 1272 2256 et
1296 2197 1430 2274 partem

329 2293 452 2360 habeat
466 2294 500 2359 in
514 2295 622 2380 prima
639 2295 886 2375 resurrectione,
901 2314 1002 2380 quam
1020 2292 1165 2360 facturus
1181 2303 1240 2369 est,
1256 2291 1429 2360 orantibus

330 2395 496 2464 sanctis⁹².
543 2398 605 2463 Per
620 2398 805 2464 Dominum
820 2409 981 2465 nostrum.
1002 2423 1024 2480 γ

376 2518 472 2604 Opus
495 2518 737 2585 misericordiae
756 2529 835 2586 tuae
856 2528 916 2599 est,
940 2519 1037 2585 Pater
1058 2518 1278 2603 omnipotens,
1293 2528 1427 2585 aeterne

333 2622 436 2702 Deus,
450 2642 567 2707 rogare
575 2621 604 2662 ⁹⁸
618 2643 679 2706 pro
701 2622 782 2701 aliis,
797 2623 852 2706 qui
868 2623 964 2688 nobis
984 2642 1050 2686 non
1067 2620 1264 2687 sufficimus:
1286 2622 1427 2706 suscipe,

333 2725 486 2806 Domine,
501 2726 648 2791 animam
663 2725 747 2791 servi
761 2727 811 2792 tui
824 2726 923 2792 Illius
937 2733 1155 2791 revertentem
1172 2725 1214 2790 ad
1231 2735 1278 2791 te.
1324 2724 1427 2791 Adsit

333 2831 364 2896 ei
377 2829 515 2914 angelus
529 2831 720 2897 testamenti
734 2833 783 2896 tui
796 2829 947 2897 Michael.
992 2830 1115 2895 Libera
1127 2851 1211 2906 eam,
1220 2830 1375 2907 Domine¹
1384 2832 1428 2897 de

333 2934 535 3019 principibus
564 2934 784 3013 tenebrarum,
812 2946 846 3000 et
876 2935 919 2999 de
948 2932 1030 2999 locis
1065 2954 1254 3018 poenarum,
1285 2954 1327 3000 ne
1360 2933 1427 2999 iam

334 3033 446 3102 ullis⁹⁴
483 3038 610 3122 primae
652 3037 833 3103 nativitatis
869 3036 922 3101 vel
967 3037 1169 3120 ignorantiae
1208 3036 1429 3104 confundatur

334 3140 517 3204 erroribus:
540 3149 738 3223 agnoscatur
752 3161 774 3204 a
788 3140 864 3220 tuis,
880 3149 914 3204 et
936 3139 1158 3205 misericordia
1170 3139 1329 3205 bonitatis
1349 3149 1430 3206 tuae

334 3243 378 3307 ad
394 3242 503 3307 locum
520 3241 678 3326 refrigerii
696 3254 730 3308 et
749 3243 869 3326 quietis
884 3244 918 3306 in
937 3244 1009 3306 sinu
1029 3242 1242 3307 transferatur
1256 3242 1427 3309 Abrahae

335 3345 399 3410 Per
413 3347 596 3411 Dominum
611 3356 771 3411 nostrum.

377 3467 586 3559 Redemptor
609 3468 793 3533 animarum
824 3467 926 3544 Deus,
951 3467 1178 3533 aeternitatem
1205 3467 1347 3534 concede
1371 3467 1429 3533 de·

211 3554 217 3564 ⁸
332 3570 463 3647 iunctis,
484 3590 592 3654 neque
617 3572 751 3637 vacuari
775 3570 936 3654 passionis
960 3570 1164 3655 triumphum
1188 3571 1304 3636 mundi
1322 3580 1428 3636 morte

333 3675 476 3760 patiaris,
492 3675 549 3758 qni
567 3694 643 3738 cum
661 3674 759 3739 Patre
779 3683 814 3740 et
829 3673 954 3759 Spiritu
973 3685 1089 3740 sancto
1104 3675 1185 3739 vivis
1207 3683 1242 3740 et
1259 3694 1378 3758 regnas
1395 3676 1428 3739 in

333 3778 462 3846 saecula
477 3777 692 3843 saeculorum

602 3940 687 4006 Item
700 3941 861 4006 orationes
867 3950 945 4025 post
956 3940 1163 4025 sepulturam.

378 4063 538 4128 Debitum
567 4063 705 4128 humani
735 4062 879 4147 corporis
907 4063 1087 4147 sepeliendi
1111 4062 1254 4130 officium
1279 4062 1429 4129 fidelium

335 4187 427 4232 more
447 4165 661 4252 complentes,
677 4168 798 4247 Deum,
813 4168 866 4232 cui
883 4166 996 4232 omnia
1012 4168 1134 4248 vivunt,
1149 4167 1290 4234 fideliter
1312 4168 1428 4253 depre-

334 4290 454 4351 cemur,
469 4281 506 4337 ut
527 4272 591 4336 hoc
610 4291 729 4356 corpus
738 4270 765 4309 ⁹⁶
784 4291 806 4335 a
826 4273 921 4338 nobis
944 4272 978 4335 in
1001 4271 1189 4338 infirmitate
1203 4271 1379 4358 sepultum,
1393 4273 1428 4337 in

333 4377 453 4440 virtute
476 4385 510 4440 et
534 4375 649 4439 ordIne
670 4385 860 4440 sanctorum
885 4376 1065 4453 resuscitet,
1089 4385 1122 4440 et
1149 4376 1218 4441 eius
1241 4377 1387 4442 animam
1399 4376 1427 4416 ⁰⁶

334 4479 456 4544 sanctis
485 4489 520 4544 et
546 4476 696 4545 fidelibus
730 4478 842 4544 iubeat
873 4479 1066 4562 aggregari3
1099 4479 1217 4562 cuique
1247 4480 1280 4544 in
1307 4479 1429 4544 iudicio

335 4583 589 4648 misericordiam
604 4582 750 4660 tribuat3
773 4604 938 4668 quemque
954 4595 1059 4649 morte
1074 4585 1291 4667 redemptum,
1306 4583 1428 4649 debitis

337 4687 490 4766 solutum,
506 4688 595 4753 Patri
617 4676 871 4768 reconciliatum,
886 4688 965 4755 boni
989 4688 1133 4754 Pastoris
1155 4688 1299 4754 humeris
1314 4709 1431 4773 tepore
