3352 5828
244 770 265 822 1.
278 767 355 836 mn]
554 764 768 824 ROMANAE
788 763 1032 822 accassmn.
1277 769 1336 835 κη

723 1063 855 1122 nxm.

326 1211 545 1278 Omrronns
567 1225 615 1277 nr
639 1212 782 1277 P‘nncns
805 1224 847 1276 nr
872 1211 1046 1277 Ascnusn
1068 1208 1254 1276 Don1u11.

290 1368 393 1447 Deus,
416 1367 473 1450 qui
499 1367 541 1432 ad
567 1367 765 1433 declaranda
785 1362 866 1432 tua⁸
881 1364 1037 1431 miracula
1059 1362 1242 1430 maiestatis
1264 1370 1342 1447 post
1366 1380 1436 1435 Rs

246 1470 517 1535 resurrectionem
541 1489 562 1534 a
591 1469 730 1536 mortuis
758 1469 860 1534 hodie
890 1469 925 1534 in
955 1467 1075 1548 caelos,
1099 1466 1258 1552 apostolis
1284 1467 1340 1531 ad·
1366 1449 1512 1578 {³3:32

251 1572 424 1654 stantibus,
440 1574 622 1651 ascendisti,
639 1574 784 1640 concede
806 1573 904 1638 nobis
921 1582 999 1638 tuae
1017 1573 1151 1657 pietatis
1173 1569 1343 1647 auxilium,

173 1685 233 1743 688
247 1687 286 1744 ut
299 1679 481 1745 secundum
495 1687 587 1743 tuam
600 1708 611 1735 υ
628 1677 880 1762 promissionem
896 1687 931 1743 et
945 1688 982 1743 tu
1001 1677 1173 1742 nobiscum
1189 1673 1344 1760 semper⁸

247 1783 281 1848 in
296 1782 399 1859 terris,
415 1792 449 1848 et
464 1802 525 1847 nos
539 1790 650 1847 tecum
665 1782 699 1847 in
714 1781 807 1849 caelo
821 1781 932 1847 vivere
947 1800 1140 1846 mereamur.
1186 1781 1248 1845 Per
1255 1777 1279 1842 ⁴.

291 1904 434 1976 Praesta,
472 1922 680 1986 quaesumus,
718 1902 929 1988 omnipotens
967 1901 1066 1968 Pater
1077 1901 1100 1979 ⁶,
1136 1911 1174 1966 ut
1211 1908 1344 1966 nostrae
1367 1916 1438 1969 Rs.

248 2007 368 2072 mentis
383 2006 522 2072 intentio
537 2026 605 2091 quo
619 2006 839 2072 solemnitatis
854 2006 1034 2070 hodiernae
1047 2005 1210 2089 gloriosus
1230 2011 1345 2069 auctor
1368 1983 1445 2100 ᾖ·
1458 1993 1515 2112 {2}

248 2109 414 2193 ingressus
435 2118 494 2186 est,
517 2129 648 2195 semper
669 2109 830 2186 intendat,
845 2117 879 2174 et
901 2130 967 2193 quo
989 2107 1056 2174 fide
1077 2108 1196 2192 pergit,
1210 2127 1344 2173 conver·

249 2212 376 2279 satione
390 2213 570 2297 perveniat
616 2213 687 2279 Per.

725 2340 868 2398 Secreta

294 2452 509 2534 Sacrificium,
534 2453 690 2533 Domine,
717 2474 779 2539 pro
803 2452 878 2518 Filii
903 2452 952 2519 tui
976 2452 1142 2538 supplices
1167 2451 1347 2518 venerabili
1372 2468 1441 2519 Rs

252 2576 340 2623 nunc
355 2557 546 2623 ascensione
565 2556 761 2633 deserimus3
783 2566 925 2642 praesta,
939 2576 1147 2641 quaesumus,
1163 2565 1200 2621 ut
1215 2555 1271 2620 et⁰
1285 2575 1347 2621 nos
1372 2533 1449 2649 ἓξὲξ
1464 2543 1518 2582 ¹¹¹·

253 2681 313 2746 per
328 2661 437 2746 ipsum
451 2661 504 2726 his
523 2661 730 2727 commerciis
749 2662 966 2727 sacrosanctis
984 2660 1027 2725 ad
1043 2659 1198 2726 caelestia
1211 2679 1346 2724 consur·
1373 2663 1474 2729 (Anu)

253 2784 381 2850 gamus.
427 2765 496 2830 Per.
1372 2740 1428 2795 ³⁷4

296 2883 374 2948 VD.
412 2884 475 2948 Per
504 2883 672 2950 Christum
712 2884 897 2950 Dominum
934 2891 1092 2948 nostrum.
1145 2883 1213 2967 Qui
1248 2881 1347 2948 saluti

255 2985 420 3051 humanae
443 2986 618 3052 subvenire
643 2987 797 3071 dignatus
821 2995 889 3051 est:
913 2987 1080 3052 nascendo
1105 2986 1228 3050 etenim
1252 2985 1348 3051 nobis

257 3089 393 3155 donavit
415 3089 564 3173 gloriam,
587 3090 745 3175 patiendo
770 3088 941 3155 diabolum
966 3089 1055 3166 vicit,
1079 3086 1349 3171 resurgendo⁷a

255 3192 392 3258 mortuis
421 3192 510 3258 vitae
539 3203 693 3259 aeternae
722 3193 832 3258 aditus
864 3192 1039 3277 praestitit,
1068 3192 1280 3258 ascendendo
1304 3192 1348 3257 ad

258 3296 389 3361 Patrem
404 3295 563 3363 caelestes
576 3296 689 3362 ianuas
704 3296 859 3362 reseravit
868 3294 891 3359 ⁸.
937 3294 1047 3378 Quem
1062 3295 1201 3362 laudant
1215 3295 1334 3381 angeli.

651 3472 749 3530 Intra
769 3471 948 3531 cononem.

297 3584 587 3651 Communicantes
610 3595 644 3651 et
663 3586 753 3651 diem
774 3586 1033 3650 sacratissimum
1055 3586 1269 3663 celebrantes,
1283 3607 1350 3671 quo
1375 3607 1450 3657 Isou
1463 3602 1520 3668 31⁶.

255 3689 418 3754 Dominus
433 3698 543 3754 noster
557 3689 747 3773 unigenitus
761 3687 864 3753 Filius
875 3697 952 3753 tuus
960 3687 1089 3753 unitum
1104 3688 1166 3752 sibi
1179 3687 1349 3754 hominem

255 3803 386 3858 nostrae
400 3793 605 3860 substantiae
620 3793 654 3858 in
669 3793 794 3879 gloriae
808 3802 887 3858 tuae
900 3794 1042 3858 dextera
1056 3792 1239 3858 collocavit
1281 3792 1350 3859 Sed

255 3906 290 3963 et
303 3898 542 3981 memoriamy

298 4017 382 4084 Inde
403 4029 479 4084 vero
499 4017 658 4084 modelam
679 4029 755 4085 anta
775 4018 894 4102 expleto
906 4018 1045 4085 canone⁹
1061 4017 1220 4083 laudares
1231 4020 1337 4102 fruge

257 4143 366 4188 novas.
411 4123 568 4207 Sequitur
581 4122 762 4188 berredictr'o.
1326 4161 1331 4170 -

258 4277 261 4288 v
301 4242 454 4322 Benedic,
463 4243 618 4323 Domine,
629 4252 664 4308 et
678 4243 772 4308 has¹⁰
787 4244 898 4326 fruges
912 4241 1048 4309 novas¹⁰
1063 4242 1160 4308 labae
1174 4263 1258 4327 quas
1265 4242 1291 4281 ¹⁰
1306 4252 1353 4320 tu,
1377 4253 1424 4306 See
1435 4254 1484 4331 11}

261 4346 415 4424 Domine,
428 4367 500 4412 rore
520 4346 654 4413 caelesti
676 4356 711 4412 et
729 4347 924 4412 inundantia
945 4346 1133 4432 pluviarum
1156 4348 1199 4412 ad
1217 4348 1353 4412 maturi-
1378 4320 1482 4453 ἔπ’

259 4459 362 4515 tatem
383 4452 561 4535 perducere
583 4452 737 4536 dignatus
755 4473 801 4529 es,
822 4454 866 4518 ad
887 4451 1135 4537 percipiendum
1159 4451 1254 4515 nobis
1277 4471 1353 4516 cum

259 4553 439 4637 gratiarum
465 4558 593 4620 actione
617 4557 650 4619 in
677 4556 810 4620 nomine
837 4554 975 4621 Domini
997 4554 1102 4620 nostri
1123 4554 1198 4619 Iesu
1220 4552 1353 4620 Christi.

261 4656 324 4722 Per
338 4678 439 4741 quem
453 4657 533 4725 haec
548 4660 667 4737 omnia,
677 4659 832 4738 Domine,
842 4675 973 4744 semper
988 4658 1077 4723 bona
1090 4679 1188 4740 usqae
1198 4657 1223 4697 ¹¹
1235 4658 1355 4742 expleto

256 4761 448 4844 canone⁹.y

681 4856 933 4914 Postoommun.

305 4968 408 5047 Deus,
424 4969 516 5036 cuius
539 4970 652 5045 Filius,
668 4971 701 5034 in
720 4969 789 5035 alta
807 4971 973 5035 caelomm
993 4979 1146 5054 potenter
1164 4972 1354 5048 ascendens,
1380 4979 1534 5045 ussurus.)

258 5074 488 5158 captivitatem
516 5083 660 5139 nostram
684 5095 744 5139 sua
775 5075 875 5141 duxit
897 5075 1016 5140 virtute
1040 5076 1215 5160 captivam,
1239 5075 1355 5151 tribue,
1380 5046 1524 5175 ,93:9²2

1381 5177 1449 5227 Men.
1461 5189 1502 5242 95.
