3352 5828
677 813 905 872 APPENDIX.

554 977 597 1063 [ἰν
617 976 689 1041 Kal.
703 978 782 1040 Mai.
796 976 867 1039 Nat.
882 976 913 1038 S.
937 977 1044 1038 Vr’talr's.

354 1097 454 1160 Sancti
475 1115 530 1158 nos
551 1114 579 1174 q.
600 1094 676 1156 Due.
698 1093 801 1155 Vitalis
821 1092 950 1154 micitia

354 1199 482 1276 Accepta
503 1194 589 1258 sitin
609 1202 768 1273 conspectu
788 1191 936 1255 tuoDne.

353 1295 471 1359 Exultet
490 1314 520 1375 q.
539 1293 616 1355 Due.
637 1293 762 1372 populus
780 1287 872 1375 tuus]

519 1449 616 1511 Terltir
629 1449 782 1511 Domrirr‘ca
789 1455 856 1528 pos!
869 1446 929 1509 oce
943 1448 1083 1511 Paschae.

357 1569 395 1631 D.
414 1568 465 1648 qui
486 1567 612 1629 fidelium
631 1574 744 1627 mentes
763 1566 851 1627 unius
871 1565 961 1626 efficis

339 1668 469 1731 -Exaudi
489 1666 565 1728 Dne.
585 1684 686 1746 preces
705 1673 819 1726 nostras
839 1672 872 1725 ut
891 1663 972 1743 quod

357 1768 395 1829 D.
417 1766 468 1848 qui
486 1784 543 1828 nos
561 1784 613 1845 per
634 1763 719 1825 huius
739 1763 869 1826 sacrificii

341 1867 426 1930 rVD.
446 1866 493 1927 De
514 1877 566 1928 tuo
586 1883 707 1926 munere
726 1863 905 1943 postulantes

360 1967 472 2028 Adesto
492 1965 569 2025 Due.
590 1963 628 2024 D.
648 1974 746 2024 nomer
766 1973 798 2024 ut
818 1981 870 2042 per
890 1962 964 2024 hsec

426 2122 499 2185 Kal.
515 2122 593 2182 Mai.
607 2120 678 2183 Nat.
693 2120 884 2200 Aposlolorm
898 2119 1034 2197 Philippi
1043 2124 1070 2178 e!
1079 2116 1184 2178 Iacobr‘.

360 2238 398 2300 D.
419 2239 469 2319 qui
490 2256 546 2300 nos
566 2255 668 2301 annm
687 2235 885 2316 apostolorum
961 2227 963 2234 ’

361 2338 399 2398 D.
419 2339 470 2418 qui
490 2355 522 2399 es
541 2338 675 2399 omnium
695 2346 860 2396 sanctonum

363 2436 491 2498 Munera
510 2434 587 2495 Dne.
608 2453 683 2514 quse
702 2451 759 2512 pro
778 2432 976 2512 apostolomm

347 2535 431 2596 sVD.
451 2534 530 2610 Quia
550 2534 592 2594 tui
611 2532 772 2611 est-opem

367 2632 526 2695 Beatorum
545 2630 752 2711 Apostolorum
772 2629 897 2710 Philippi
917 2639 946 2690 et
966 2629 1068 2690 Iscobi

549 2787 581 2873 [v
602 2787 679 2850 Non.
692 2787 770 2849 Mai.
782 2785 854 2849 Nat.
868 2785 900 2849 S.
913 2786 1067 2849 Iuvenalis.

368 2905 452 2968 Besti
472 2906 558 2968 nobis
578 2924 607 2984 q.
627 2903 703 2965 Due.
724 2903 867 2965 luvenalis

368 3005 476 3065 Annue
496 3023 525 3083 q.
545 3002 622 3065 Due.
642 3013 675 3063 ut
694 3003 796 3063 merim
816 3002 867 3063 tibi
887 3001 992 3082 placite

370 3103 492 3163 Hostias
512 3111 626 3162 nostras
646 3119 676 3181 q.
695 3099 771 3161 Due.
792 3109 910 3161 sanctus
930 3099 1060 3179 pontifex

370 3200 453 3261 Laeti
474 3199 549 3259 Due.
571 3198 747 3278 sumpsimus
767 3195 961 3281 sacramenta]

410 3353 528 3440 [Eodem
542 3358 585 3416 dr'e
598 3355 669 3417 Nar.
683 3354 740 3419 SS.
754 3355 923 3417 Alexandri
932 3355 1052 3417 Evenlt'r'
1065 3356 1206 3418 ReoduIr'.

370 3471 489 3533 Prsesta
508 3490 537 3552 q.
557 3489 587 3533 o.
606 3470 645 3532 D.
666 3482 696 3532 ut
716 3471 767 3550 qui
785 3481 950 3532 sanctourm
1023 3522 1027 3528 .

371 3568 550 3631 Sacrificium
571 3570 664 3631 lsudis
683 3570 735 3630 tibi
756 3568 833 3629 Due.
853 3567 1003 3629 offerimus

370 3667 463 3730 Pasce
483 3686 539 3729 nos
558 3667 635 3729 Dne.
656 3678 770 3729 tuorum
790 3665 903 3747 gaudiis
921 3663 1046 3748 ubique]

601 3823 705 3884 Eodem
719 3821 783 3884 die‘
795 3823 861 3885 Inv.
875 3823 908 3886 S.
924 3823 1037 3887 Crucis.

371 3940 409 4003 D.
431 3942 482 4020 qui
502 3941 533 4000 in
552 3940 699 4019 praecium
718 3939 880 4002 salutiferae

354 4039 409 4099 sD.
429 4039 476 4100 cui
497 4050 619 4100 cunctae
638 4039 777 4100 obediunt
797 4050 946 4100 creaturae

376 4137 555 4200 Sacrificium
575 4136 651 4198 Due.
671 4137 752 4216 quod
771 4137 958 4199 immolamus

375 4233 474 4319 [eVD.
494 4234 653 4314 Praecipue
673 4237 704 4295 in
724 4235 772 4297 die
792 4233 871 4318 istu]

357 4334 489 4414 *Repleti
510 4333 648 4394 alimonis
668 4334 784 4394 caelesti
804 4345 833 4395 et
853 4335 974 4413 spiritali

533 4492 643 4566 Quarta
656 4491 807 4553 Demsirr'ca
814 4499 881 4571 port
895 4491 954 4553 oct.
968 4492 1098 4554 Paschae
1105 4494 1125 4555 ³.

359 4608 414 4668 sD.
434 4627 453 4669 s
472 4627 533 4687 quo
552 4609 632 4670 bona
651 4618 758 4669 cuncte
778 4607 941 4687 procedunt

379 4703 430 4789 [D.
450 4708 500 4786 qui
519 4706 731 4767 misericordiae
751 4707 870 4767 iunusm
890 4706 1024 4768 fidelibus

379 4805 500 4884 Suscipe
520 4804 594 4864 Due.
615 4803 741 4865 fidelium
761 4824 864 4884 preces

308 4933 648 5000 ‘KNomMadMomi
711 4935 1025 4988 'commeministi
1125 4937 1294 5002 ethisiuS).

309 5000 681 5066 ‘Rhmnowonlythefint
734 5001 898 5054 ilectoitliis
914 5003 1002 5056 Mirm
1109 5003 1208 5071 leeiep
1295 5013 1322 5056 tc
1338 5004 1370 5056 ire

275 5067 396 5133 weudng,
406 5065 488 5120 which
498 5066 621 5182 probeblf
631 5067 762 5118 omuined
772 5068 815 5118 the
825 5077 874 5120 rest
885 5068 915 5119 oi
928 5070 977 5120 this
988 5069 1071 5120 Missa
1081 5070 1132 5120 end
1147 5070 1189 5121 the
1274 5078 1329 5136 put
1345 5071 1374 5122 oi

275 5134 318 5184 the
330 5149 429 5200 pruyem
440 5133 489 5185 sud
499 5133 593 5183 Mirm
613 5147 642 5183 or
651 5133 694 5184 the
705 5132 831 5199 Rogetlou
842 5134 921 5198 Deys.
