3352 5828
418 377 481 444 280
702 389 830 447 LIBER
848 390 1232 450 SACRAMENTORUM
1358 392 1421 461 [111.
1432 395 1520 448 lxviii.

416 561 520 640 iustis,
553 583 613 630 nec
644 564 801 649 captiosis
830 564 1075 632 adulationibus
1106 564 1275 652 implicari,
1307 568 1366 633 sed
1399 548 1520 654 potius

417 686 529 733 amare
543 689 629 753 quae
644 669 815 754 praecipis.
859 669 965 753 Peny
1266 669 1272 678 '

462 795 709 884 Couspirantes,
739 798 894 879 Domine,
919 809 1035 886 contra
1060 808 1138 865 tuae
1160 800 1372 886 plenitudinis
1402 800 1517 867 firma-

420 912 580 980 mentum,
596 903 754 968 dexterae
769 913 847 968 tuae
861 903 982 968 virtute
996 912 1168 986 prosterne
1181 926 1189 984 3
1218 914 1256 971 ut
1277 905 1425 971 iustitiae
1446 926 1519 971 non

417 1006 607 1072 dominetur
629 1007 793 1091 iniquitas,
810 1007 870 1073 sed
892 1007 1053 1072 subdatur
1074 1027 1206 1092 semper
1226 1007 1350 1074 falsitas
1371 1009 1518 1075 veritati.

419 1109 488 1175 Per.

893 1207 1038 1264 morsm.
1140 1232 1145 1246 ·

235 1316 376 1433 {gfff-14¹⁴}
463 1316 612 1398 Oblatio,
629 1318 781 1397 Domine,
795 1318 861 1385 tuis
882 1319 1069 1403 aspectibus
1088 1319 1301 1398 immolanda,
1314 1341 1521 1406 quaesumus

313 1418 320 1433 '
361 1396 387 1447 4·
418 1429 458 1486 ut
472 1432 506 1487 et
521 1442 583 1488 nos
597 1419 665 1487 ab⁴
679 1423 833 1488 omuibus
847 1423 934 1490 vitiis
949 1430 1102 1507 potenter
1118 1423 1278 1507 absolvat,
1291 1434 1326 1492 et
1345 1445 1366 1490 a
1388 1426 1521 1492 cunctis

418 1525 576 1592 defendat
591 1526 739 1592 inimicis.
785 1527 890 1611 Peey

845 1714 1095 1774 Postoommun.

235 1833 376 1899 rumne,
463 1828 607 1905 Praesta,
631 1826 785 1907 Domine,
808 1847 1017 1911 quaesumus,
1043 1837 1082 1893 ut
1107 1849 1166 1915 per
1188 1828 1269 1895 haec
1291 1838 1406 1894 sancta
1429 1849 1521 1913 quae

235 1898 318 1950 Μ’·
328 1901 383 1967 ¹⁸4
416 1932 626 2015 sumpsimus,
635 1929 865 1998 dissimulatis-⁶
877 1929 1129 1998 lacerationibus
1144 1933 1382 2015 improborum,
1396 1933 1519 1999 eadem

415 2036 621 2120 gubernante
632 2035 653 2115 ⁸,
683 2055 769 2120 quae
797 2044 888 2101 recta
918 2044 995 2101 sunt
1027 2036 1155 2102 cautius
1185 2056 1398 2122 exequamur.
1455 2036 1522 2102 Per

417 2140 599 2206 Dominum
615 2149 764 2235 nostrum
781 2140 892 2206 lesum
907 2138 1085 2206 Christum.
1105 2167 1126 2222 γ

449 2299 458 2328 ¹
474 2300 634 2367 reproborum
645 2300 714 2351 Pana
727 2300 824 2361 leole:
842 2301 873 2353 V.
885 2301 961 2353 leon.
971 2317 1000 2352 as
1011 2308 1071 2353 text.
1156 2300 1167 2329 ¹
1183 2309 1274 2353 terrm
1286 2301 1331 2362 V.;
1348 2302 1419 2353 Peru.
1432 2301 1520 2355 teon.

417 2384 445 2418 ss
457 2375 516 2418 text.
551 2367 607 2416 The
618 2366 718 2418 Collect
728 2368 754 2417 in
766 2368 843 2418 leon
855 2367 915 2418 does
925 2376 970 2417 not
980 2383 1053 2432 agree
1064 2365 1159 2417 further
1170 2367 1229 2417 than
1239 2367 1341 2418 caleam
1446 2369 1456 2398 ¹
1466 2375 1520 2433 pa·

417 2433 494 2482 tiarr’s
505 2432 577 2483 Pam.
588 2432 685 2492 Leolr.;
703 2433 733 2481 V.
746 2447 774 2482 rs
784 2439 836 2483 text
847 2432 1110 2499 (ungrammatimllyb
1219 2432 1229 2462 ⁶
1244 2433 1274 2482 in
1285 2433 1316 2483 V.
1326 2449 1334 2494 ς
1350 2434 1420 2484 Pam.
1432 2432 1520 2485 leole.

417 2513 448 2548 ae
460 2506 518 2549 text.
629 2497 638 2526 ¹
653 2497 810 2548 desimulatir
820 2497 852 2548 V.
965 2499 976 2530 ⁸
991 2499 1074 2548 eadem
1081 2497 1237 2563 guitum
1247 2513 1276 2547 so
1287 2497 1336 2557 V.;
1351 2500 1420 2550 Pam.
1432 2498 1520 2551 leoir.

417 2563 481 2613 have
492 2563 574 2614 eadem
585 2569 608 2613 tr
616 2563 779 2627 gemmule,
791 2562 875 2614 which
891 2577 971 2615 reema
983 2563 1035 2614 lilte
1050 2579 1083 2614 an
1100 2562 1239 2615 ineffectual
1255 2570 1362 2631 attempt
1376 2572 1404 2616 to
1418 2572 1520 2617 correct

416 2628 459 2680 the
469 2638 569 2694 corrupt
580 2629 683 2694 reading
693 2629 721 2679 ol
730 2628 771 2679 the
781 2635 841 2679 text
1375 2665 1378 2675 .

887 2962 1049 3021 LXVIII.

560 3102 782 3168 ORAT10NES
800 3116 853 3167 no
876 3103 1013 3168 M1ssas
1037 3113 1108 3166 sno
1126 3114 1384 3167 rnnsmcroms.

464 3238 568 3317 Deus,
591 3239 647 3323 qui
678 3237 825 3305 fidelium
852 3240 1028 3305 devotione
1057 3237 1196 3316 laetaris,
1223 3238 1382 3325 populum
1409 3249 1519 3316 tuum,

419 3362 629 3426 quaesumus,
643 3343 766 3408 sanctis
781 3343 847 3408 tuis
867 3342 917 3409 sac
932 3363 1003 3407 esse
1017 3344 1197 3422 devotum;
1219 3352 1256 3407 ut
1270 3343 1328 3426 qui
1342 3343 1387 3407 ab
1400 3363 1518 3411 eorum

419 3445 550 3513 officio¹
574 3447 677 3531 impia
699 3448 861 3531 pravitate
887 3447 1005 3512 mentis
1024 3448 1219 3523 abscedunt,
1240 3468 1298 3531 per
1321 3457 1414 3513 tuam
1437 3468 1520 3515 con·

327 3596 332 3606 ·
418 3551 504 3616 versi
530 3551 684 3635 gratiam,
705 3551 837 3630 diaboli,
859 3552 979 3664 quibus
1000 3553 1090 3635 capti
1109 3560 1271 3630 tenentur,
1294 3552 1419 3636 laqueis
1440 3552 1519 3618 resi·

418 3654 558 3737 piscant.
602 3655 675 3721 Per.
861 3665 863 3669 ‘

465 3784 567 3861 Deus,
597 3783 653 3868 qui
677 3782 824 3850 infideles
849 3784 984 3862 deseris,
1007 3793 1041 3849 et
1065 3784 1149 3850 iuste
1173 3782 1336 3850 indevotis
1360 3784 1518 3861 irasceris,

419 3887 580 3972 populum
607 3897 713 3966 tuum,
729 3909 937 3972 quaesumus,
958 3896 1114 3954 converte
1136 3887 1315 3972 propitius:
1343 3888 1457 3972 utqui
1481 3899 1518 3954 te

419 4013 478 4077 per
510 3992 666 4058 duritiam
697 3989 921 4076 irreligiosae²
954 3992 1075 4058 mentis
1104 4012 1235 4076 semper
1262 3992 1443 4072 offendunt,
1472 3992 1518 4057 ad

419 4106 606 4162 sanctorum
631 4095 790 4163 beneficia
812 4097 1039 4181 promerenda,
1063 4106 1141 4162 tuae
1165 4095 1382 4162 miserationis
1408 4096 1517 4180 gratia

419 4201 606 4285 inspirante,
621 4212 804 4267 convertas.
849 4200 920 4267 Per.

896 4389 1042 4447 &orem

464 4501 532 4567 Cor
554 4500 668 4585 populi
691 4501 752 4578 tui,
770 4521 980 4585 quaesumus,
1000 4502 1153 4580 Domine,
1171 4511 1323 4569 converte
1341 4503 1516 4587 propitius,

421 4616 457 4671 ut
472 4605 516 4672 ab
534 4606 585 4670 his
607 4606 797 4671 muneri-bus
819 4625 884 4670 non
903 4607 1068 4682 recedant,
1084 4607 1291 4693 quibusque³
1307 4608 1515 4674 maiestatem

420 4723 513 4778 tuam
530 4709 761 4796 magnificare⁴
777 4712 995 4798 deposcimus.
1040 4712 1113 4779 Per.
