3352 5828
321 396 387 481 296
602 406 732 464 LIBER
751 406 1136 466 SACRAMENTORUM
1289 406 1356 474 [111.
1367 408 1421 462 xci.

141 576 172 692 g»
192 641 210 692 b
367 569 420 636 Tu
433 571 538 650 nobis,
550 572 704 653 Domine,
715 572 879 638 auxilium
888 581 1055 658 praestare
1065 572 1422 660 digneris,tuopem¹⁸,

141 657 223 759 [ἑή.
231 654 294 772 ³12³,ss
324 683 361 740 tu
387 676 642 742 misericordiam
665 677 816 761 largiaris
825 674 876 758 17;
898 679 1050 761 spiritum
1072 678 1174 744 etiam
1184 677 1212 720 ¹⁸
1234 679 1349 745 famuli
1370 677 1422 745 tui

140 773 209 889 ⁸¹3³·
221 772 289 826 Μ
323 777 422 846 Illius
431 779 457 820 ¹⁹
470 801 509 848 ac
518 778 544 821 ¹⁰
559 782 625 847 cari
640 781 754 860 nostri,
771 781 910 847 vinculis
920 779 945 821 ¹¹
961 782 1186 868 corporalibus
1199 782 1376 850 liberatum
1385 779 1423 863 ¹¹,

142 853 174 905 ⁹⁵
192 875 200 891 ’
323 884 357 948 in
369 904 452 969 pace
462 895 651 951 sanctorum
664 896 798 952 tuorum
807 883 834 925 ²³
843 885 998 971 recipias;
1013 887 1062 953 uti
1072 885 1100 925 ²⁴
1112 886 1221 954 locum
1236 886 1422 972 poenalem,

321 997 356 1053 et
374 989 545 1071 gehennae
566 989 686 1073 ignem,
704 988 941 1075 flammamque
959 990 1074 1056 tartari
1097 992 1131 1056 in
1154 991 1287 1076 regione
1308 991 1422 1057 viven-

323 1092 407 1158 tium
422 1095 551 1159 evadat.
596 1092 659 1157 Per
672 1114 750 1158 eum
759 1089 786 1131 ²⁵
801 1094 858 1178 qui
877 1103 988 1160 tecum
1004 1094 1085 1161 vivit
1099 1103 1134 1162 et
1148 1103 1264 1180 regnat
1279 1097 1372 1162 Deus
1387 1095 1423 1161 in

324 1195 451 1262 unitate
467 1196 610 1282 Spiritus
624 1197 740 1277 sancti,
755 1217 824 1281 per.

144 1346 293 1414 1²0f¹·¹99a
370 1350 517 1436 Suscipe,
532 1352 685 1430 Domine,
703 1352 849 1419 animam
871 1353 956 1420 servi
978 1354 1026 1419 tui
1048 1353 1184 1421 [illurn
1197 1355 1242 1421 ad
1265 1364 1299 1422 te
1321 1375 1425 1421 rever·

325 1465 453 1522 tentem
476 1457 519 1522 de
539 1456 692 1542 Aegypti
710 1457 866 1542 ¹partibus
891 1453 956 1549 [et]
968 1457 997 1498 ⁹⁶
1022 1459 1283 1543 proficiscentem
1308 1460 1353 1526 ad
1376 1469 1424 1526 te.

326 1560 457 1626 Emitte
477 1561 614 1646 angelos
640 1572 717 1627 tuos
746 1572 880 1628 sanctos
904 1566 939 1627 in
963 1564 1094 1628 obuiam
1120 1563 1207 1628 illius
1215 1560 1251 1645 ¹⁷,
1273 1574 1307 1628 et
1332 1564 1424 1630 viam

327 1664 471 1730 iustitiae
490 1666 682 1731 demonstra
697 1665 736 1730 ei.
781 1666 889 1750 Aperi
911 1667 941 1732 ei
959 1677 1073 1752 portas
1089 1668 1241 1747 iustitiae,
1253 1682 1288 1735 et
1303 1667 1427 1752 repelle

326 1769 370 1834 ab
398 1789 438 1834 ea
471 1769 634 1853 principes
670 1769 899 1836 tenebrarum:
936 1791 1080 1854 agnosce
1109 1773 1296 1856 depositum
1327 1771 1428 1838 fidele

327 1873 418 1955 quod
433 1881 528 1937 tuum
550 1882 610 1938 est.
656 1871 796 1957 Suscipe
807 1870 844 1951 ²⁸,
861 1874 1017 1955 Domine,
1033 1885 1217 1941 creaturam
1239 1885 1343 1953 tuam,
1359 1896 1429 1941 non

327 1997 372 2040 ex
387 1976 449 2042 diis
463 1976 577 2042 alienis
599 1987 753 2052 creatam,
769 1977 829 2043 sed
851 1998 872 2042 a
893 1986 928 2044 te
951 1979 1027 2044 Deo
1049 1977 1160 2044 solo²⁹
1180 1999 1261 2045 vero
1283 1988 1318 2044 et
1339 1979 1429 2061 vivo,

328 2081 407 2164 quia
421 2101 487 2146 non
502 2091 553 2146 est
569 2082 662 2146 Deus
677 2089 808 2166 praeter
822 2089 857 2146 te
870 2081 978 2147 solum
988 2081 1025 2159 ⁸⁰,
1040 2092 1074 2149 et
1089 2103 1156 2149 non
1176 2093 1227 2149 est
1242 2083 1428 2153 secundum

328 2205 430 2269 opera
451 2195 519 2251 tua.
564 2184 734 2262 Laetifica,
749 2185 905 2263 Domine,
924 2186 1069 2252 animam
1091 2187 1177 2252 servi
1199 2188 1249 2253 tui
1269 2186 1371 2253 Illius
1381 2185 1429 2252 19«ι

328 2287 479 2370 clarifica,
495 2289 650 2366 Domine,
671 2287 833 2356 famulum
855 2300 951 2355 tuum
960 2288 1011 2356 ⁸¹:
1033 2311 1075 2355 ne
1098 2290 1285 2356 memineris
1307 2290 1427 2376 iniqui·

328 2403 436 2460 tatum
451 2394 522 2459 eius
536 2394 746 2479 antiquarum
761 2404 797 2461 et
811 2394 1019 2471 ebrietatum,
1030 2392 1146 2478 quas⁸¹
1157 2397 1328 2476 suscitavit
1339 2395 1429 2462 furor

331 2498 409 2562 mali
422 2497 449 2537 ³³
464 2498 637 2564 desiderii:
660 2497 737 2564 licet
752 2498 841 2562 enim
857 2497 1054 2581 peccavit⁸⁴,
1067 2498 1197 2564 Patrem
1208 2510 1242 2566 et
1258 2499 1379 2567 Filium
1392 2510 1429 2567 et

331 2600 491 2687 Spiritum
519 2612 670 2667 sanctum
696 2598 847 2667 tamen³⁴
872 2623 939 2669 non
967 2604 1110 2686 negavit,
1135 2606 1192 2669 sed
1219 2605 1368 2683 credidit,
1394 2614 1429 2671 et

332 2704 439 2771 zelum
469 2706 534 2771 Dei
563 2704 690 2787 habuit,
720 2715 755 2770 et
792 2706 902 2771 Deum
940 2705 1057 2773 secisse
1088 2705 1236 2773 omnia⁸⁶
1265 2707 1429 2774 adoravit.

330 2809 406 2896 [Per
416 2805 469 2900 ⁸⁸·]

379 2965 524 3050 Suscipe,
541 2967 694 3045 Domine,
714 2967 858 3031 animam
881 2967 965 3031 servi
987 2966 1037 3030 tui
1062 2965 1158 3032 Illius
1167 2965 1193 3006 ¹⁹
1210 2976 1428 3032 revertentem

292 3068 301 3086 '
334 3070 378 3134 ad
393 3079 447 3134 te:
468 3079 594 3135 vestem
610 3069 786 3135 caelestem
809 3070 909 3134 indue
930 3090 1014 3147 earn,
1029 3069 1160 3135 et·lava
1180 3090 1255 3135 eam
1277 3080 1430 3135 sanctum

335 3171 498 3238 sontem³⁷
517 3173 604 3238 vitae
626 3181 803 3250 aeternae;
825 3170 898 3236 ut⁸⁸
921 3173 1005 3236 inter
1020 3174 1203 3257 gaudentes
1224 3174 1381 3258 gaudeat,
1395 3182 1431 3238 et

336 3277 422 3341 inter
438 3277 601 3361 sapientes
623 3277 741 3359 sapiat,
764 3283 800 3340 et
823 3276 908 3341 inter
930 3284 1093 3358 martyres
1115 3286 1288 3341 coronatos
1299 3275 1327 3316 θ’
1353 3296 1431 3342 con·

336 3379 452 3456 sideat,
473 3388 506 3444 et
529 3380 612 3444 inter
634 3379 840 3462 patriarchas
860 3389 895 3444 et
914 3378 1095 3464 prophetas
1115 3379 1274 3464 proficiat,
1289 3389 1323 3446 et
1346 3381 1431 3446 inter

336 3483 505 3568 apostolos
543 3482 712 3549 Christum
748 3482 842 3566 sequi
879 3483 1021 3563 studeat,
1049 3494 1084 3548 et
1114 3486 1199 3549 inter
1227 3484 1365 3570 angelos
1396 3493 1432 3549 et

224 3597 230 3608 ‘
336 3587 552 3670 archangelos
575 3586 760 3652 claritatem
787 3587 852 3650 Dei
878 3587 1049 3670 pervideat
1060 3583 1097 3667 ⁴⁰,
1116 3596 1151 3653 et
1174 3587 1258 3654 inter
1281 3587 1429 3652 Paradisi

337 3691 452 3756 rutilos
492 3691 619 3776 lapides
658 3691 817 3775 gaudium
846 3691 1025 3774 possideat,
1059 3702 1093 3756 et
1122 3691 1274 3756 notitiam
1307 3701 1431 3775 myste-

336 3798 460 3861 riorum
469 3794 495 3834 ⁴¹
512 3806 683 3880 agnoscat,
698 3804 732 3860 et
755 3796 840 3860 inter
854 3793 1012 3860 cherubin
1030 3804 1065 3860 et
1078 3795 1231 3880 seraphin
1247 3793 1431 3861 claritatem

338 3901 402 3965 Dei
417 3901 569 3979 inveniat,
585 3909 617 3965 et
634 3901 719 3965 inter
731 3899 849 3984 viginti
864 3910 1008 3984 quatuor
1023 3899 1165 3965 seniores
1186 3901 1315 3964 cantica
1329 3899 1432 3965 canti·

337 4025 450 4070 corum
477 4006 600 4080 audiat,
626 4015 660 4068 et
690 4003 776 4069 inter
804 4002 956 4068 lavantes
984 4002 1087 4069 stolas
1116 4003 1148 4068 in
1178 4004 1269 4069 fonte
1298 4002 1432 4068 luminis

336 4119 463 4175 vestem
486 4109 583 4187 lavet,
600 4119 633 4173 et
656 4110 740 4174 inter
758 4108 928 4192 pulsantes
950 4108 1085 4191 pulsans
1096 4104 1131 4184 ⁴²,
1147 4117 1260 4191 portas
1281 4106 1432 4173 caelestis

338 4211 749 4295 Hierusalem-apertas⁴³
778 4212 930 4295 reperiat,
962 4221 997 4277 et
1027 4211 1110 4277 inter
1139 4212 1289 4277 videntes
1320 4211 1430 4275 Deum
1444 4213 1510 4273 trs

337 4319 419 4383 facie
442 4319 484 4382 ad
512 4317 628 4381 faciem
651 4316 773 4392 videat,
797 4326 830 4381 et
853 4316 938 4381 inter
967 4317 1137 4382 audientes
1162 4317 1274 4381 auditu
1297 4315 1432 4381 caelesti

337 4420 511 4486 caelestem
536 4440 654 4484 sonum
680 4415 890 4483 exaudiat⁴⁴.
954 4418 1102 4503 Suscipe,
1126 4419 1278 4494 Domine,
1300 4437 1432 4482 servum

337 4536 431 4590 tuum
445 4524 548 4588 Illum
557 4522 585 4561 ⁴⁶
601 4525 633 4588 in
649 4533 820 4588 aeternum
832 4519 860 4561 ⁴⁶
875 4523 1109 4601 habitaculum,
1123 4533 1158 4588 et
1172 4523 1216 4586 da
1235 4523 1266 4586 ei
1285 4522 1433 4606 requiem

338 4641 372 4696 et
396 4650 543 4713 regnum,
566 4629 600 4692 id
623 4637 682 4706 est,
705 4626 915 4693 Hierusalem
940 4627 1113 4693 caelestem
1128 4648 1137 4706 ;
1155 4623 1228 4692 ut⁴⁷
1251 4627 1285 4690 in
1308 4626 1435 4694 sinibus

339 4734 595 4817 patriarcharum
610 4742 799 4799 nostrorum
809 4729 848 4812 ⁴⁸,
864 4733 897 4797 id
910 4745 969 4813 est,
978 4731 1162 4809 Abraham,
1172 4731 1265 4797 Isaac
1276 4741 1311 4796 et
1323 4731 1434 4811 Iacob,
