3352 5828
851 382 1079 442 APPENDIX.

724 545 769 632 [io
782 548 827 609 Id
841 548 899 610 Iol.
912 549 985 612 Nat
998 547 1205 611 ori'Frotruna
1238 546 1243 553 ’

518 663 638 726 Praesta
657 683 686 744 q.
707 684 735 727 o.
755 664 795 725 D.
814 676 847 728 ut
866 666 917 746 qui
938 665 1080 745 gloriosos

519 760 671 825 Sacrificiis
691 765 893 847 praesentibus
911 764 990 827 Duc.
1011 784 1040 845 q.
1061 752 1179 826 intende
1198 763 1329 844 placatus

518 860 587 922 VD.
605 861 724 925 Donare
744 864 830 926 nobis
849 863 1017 945 suppliciter
1036 873 1192 926 exorantes

519 959 559 1034 Q.
580 978 609 1021 o.
630 960 669 1023 D.
687 972 720 1023 ut
739 961 816 1024 illius
836 959 982 1046 salumn]

751 1124 841 1187 Hebd.
855 1127 982 1206 oeii'post
991 1125 1174 1187 Pmteeosten

502 1236 558 1298 eD.
577 1238 711 1300 vbmtum
732 1240 816 1301 euius
835 1250 881 1303 est
901 1250 1017 1310 toton

521 1335 571 1398 Da
590 1337 676 1398 nobis
695 1335 772 1402 Due.
796 1357 825 1418 q.
845 1348 878 1399 ut
897 1339 928 1400 in
947 1349 997 1400 tua
1017 1339 1109 1418 gratia

522 1435 681 1515 Propitiare
701 1435 777 1499 Due.
798 1437 1054 1518 supplicationibus
1073 1437 1180 1499 nostris
1200 1448 1231 1499 et
1250 1435 1302 1498 bas
1323 1434 1425 1517 populi

502 1530 603 1617 [eVD.
624 1533 695 1595 Tibi
714 1553 819 1598 vovere
839 1533 970 1621 contriti]

504 1632 638 1714 *Repleti
657 1651 759 1696 sumus
779 1634 856 1697 Due.
876 1636 1045 1699 muneribus
1065 1637 1121 1697 tuis

677 1795 757 1860 vro.
770 1795 829 1857 Iul.
842 1795 914 1859 Not.
928 1797 963 1861 S.
977 1797 1124 1860 Bmede’ctr’
1133 1798 1261 1860 Antaeo.

523 1909 695 1972 intercessio
713 1929 768 1973 nos
787 1910 863 1974 Dne.
882 1932 912 1993 q.
932 1914 961 1975 b.
982 1913 1131 1976 Benedicti

524 2008 619 2071 Sacris
638 2007 776 2072 altaribus
795 2010 872 2074 Due.
893 2013 1003 2075 hostias
1024 2011 1221 2092 superpositas

522 2107 591 2170 VD.
613 2106 745 2170 Gloriam
764 2117 846 2172 tuam
866 2109 943 2173 Due.
962 2111 1087 2191 profusis

524 2206 662 2284 Protegat
681 2224 736 2271 nos
755 2206 831 2269 Dne.
852 2227 921 2270 curn
940 2210 983 2270 tui
1003 2209 1188 2288 perceptione

766 2371 857 2433 Held.
871 2374 908 2432 ix
914 2379 982 2451 post
992 2370 1173 2432 Pentecosten.

508 2489 562 2550 sD.
582 2489 664 2551 cuius
683 2487 862 2569 providentia
880 2486 912 2547 iu
932 2487 977 2548 sui
996 2471 1186 2566 dispositione

505 2587 645 2650 :Custodi
664 2605 721 2649 nos
741 2586 818 2648 Due.
837 2605 866 2665 q.
888 2586 920 2646 in
939 2595 992 2647 tuo
1011 2585 1126 2646 servitio

525 2685 563 2747 D.
584 2687 634 2766 qui
652 2685 789 2764 legalium
808 2684 984 2746 differentias
1002 2683 1163 2744 hostiarum

507 2784 591 2846 sVD.
611 2784 654 2846 Ut
672 2795 701 2846 te
721 2793 876 2845 auctorem¹

527 2883 597 2944 Tua
616 2900 672 2945 uos
690 2881 767 2944 Due.
787 2880 965 2943 medicinalis
985 2881 1116 2960 operatio
1151 2955 1154 2961 .

777 3043 868 3104 Hebd.
882 3063 908 3104 x
914 3049 981 3121 post
990 3043 1172 3103 Pentecosten.

529 3158 648 3238 Largire
668 3159 754 3221 nobis
774 3157 851 3218 Due.
871 3177 900 3237 q.
922 3175 1037 3236 semper
1057 3157 1189 3235 spiritum

530 3258 668 3320 Concede
688 3276 717 3337 q.
738 3275 766 3318 o.
786 3256 825 3317 D.
845 3267 876 3317 ut
896 3257 973 3316 viam
993 3266 1073 3316 tuam

512 3356 650 3436 *Suscipe
670 3374 793 3416 munem
813 3372 842 3433 q.
863 3354 939 3416 Due.
960 3373 1035 3433 quae
1054 3355 1107 3415 tibi

512 3455 597 3517 sVD.
616 3455 663 3517 De
683 3466 733 3516 tua
751 3454 844 3535 gradu
864 3453 1044 3517 confidentes

531 3553 576 3615 Sit
595 3553 681 3616 uobis
700 3552 776 3614 Due.
798 3553 943 3632 reparatio
962 3553 1069 3614 mentis

376 3770 383 3784 .
482 3717 540 3779 vett·
549 3716 621 3778 Kal.
635 3716 714 3796 Aug.
727 3716 802 3779 Nat.
818 3714 850 3777 S.
865 3713 965 3777 Iacobs‘
974 3711 1107 3794 (apostoli
1116 3712 1166 3794 R.)
1169 3713 1286 3795 fratris
1300 3713 1331 3775 S.
1348 3712 1475 3775 Ioannai.

531 3833 605 3894 Esto
624 3831 700 3892 Due.
720 3831 797 3910 plebi
816 3840 884 3892 tuuc
903 3831 1098 3891 sanctificator

530 3930 703 3994 Oblationes
722 3929 823 4010 populi
842 3930 885 3990 tui
905 3928 980 3990 Due.
1001 3948 1030 4009 q.
1051 3929 1129 3990 beati

512 4029 597 4091 sVD.
619 4028 698 4104 Quia
718 4028 786 4090 licet
805 4029 892 4090 uobis
912 4028 1036 4089 salutem

532 4128 615 4189 Beati
635 4127 759 4207 apostoli
779 4128 821 4188 tui
842 4128 941 4189 laoobi

533 4227 731 4290 Solemnitatis
751 4226 928 4306 apostolicae
948 4226 1188 4305 multiplicatione
1226 4266 1228 4277 =

533 4387 566 4474 [u
580 4389 652 4450 Kal.
666 4388 745 4467 Aug.
758 4388 831 4451 Not.
845 4387 902 4450 SS.
916 4387 1064 4469 Seinplien's',
1078 4388 1221 4464 Forotrni,
1235 4396 1263 4449 et
1272 4388 1423 4449 Beotre'cr’s.

534 4506 653 4567 Praesta
673 4525 702 4585 q.
721 4505 798 4566 Due.
819 4515 852 4566 ut
869 4506 945 4566 sicut
964 4505 1092 4585 populus
1113 4505 1292 4567 Christianus

534 4605 655 4667 Hostias
674 4605 727 4666 tibi
746 4604 822 4665 Dne.
843 4623 897 4683 pro
917 4615 1086 4666 sanctorum

536 4703 654 4766 Praesta
673 4723 702 4783 q.
722 4723 751 4764 o.
771 4703 809 4764 D.
828 4713 861 4765 ut
882 4713 1049 4767 sauctorum
1069 4699 1199 4782 tuorum]
