3352 5828
314 364 355 432 18
596 374 724 433 LIBER
743 374 1130 434 SACRAMENTORUM
1295 378 1331 446 [L
1342 378 1412 431 xviii

136 553 208 605 Pam.
220 552 275 605 nu
314 537 527 623 proficiamus
546 559 712 618 arcanum,
727 549 761 607 et
776 539 936 608 aflectus¹
957 542 1028 608 eius
1046 542 1146 627 digna
1165 541 1413 609 conversatione

136 619 257 683 000030·
314 651 490 710 sectemur.
534 645 606 710 Per.

135 769 207 822 Pam.
220 767 276 820 ²18.
361 755 583 841 Omnipotens
600 756 801 843 sempiterne
819 758 922 836 Deus,
938 758 996 843 qui
1017 759 1112 825 nobis
1132 758 1165 824 in
1186 757 1415 824 observatione

318 858 431 925 ieiunii
460 869 495 924 et
523 860 809 945 eleemosynarum
834 863 961 929 semine
990 862 1130 949 posuisti
1154 872 1340 929 nostrorum
1365 881 1416 925 re-

319 964 431 1030 media
452 973 673 1046 peccatorum,
695 966 840 1031 concede
864 986 926 1033 nos
949 987 1050 1052 opere
1074 967 1193 1032 mentis
1214 977 1250 1031 et
1268 964 1416 1050 corporis

319 1087 452 1152 semper
466 1068 528 1135 tibi
544 1089 616 1134 esse
629 1069 780 1135 devotos.
825 1069 898 1134 Per.

797 1215 943 1274 sacrem

139 1336 217 1454 {isti
247 1412 261 1467 ⁷
365 1316 578 1397 Sacrificium,
603 1318 761 1399 Domine,
786 1319 1083 1406 quadragesimalis
1114 1320 1198 1386 initii
1228 1318 1419 1386 solemniter

166 1419 193 1454 er
229 1415 270 1466 3.
322 1420 332 1438 ·

140 1469 211 1519 Pam.
225 1467 281 1518 218.
322 1423 542 1502 immolamus,
566 1431 610 1503 te,
640 1424 795 1503 Domine,
824 1426 1051 1509 deprecantes,
1077 1434 1129 1503 ut,
1143 1444 1219 1488 cum
1244 1424 1417 1507 epularum

139 1533 208 1587 Men
221 1542 261 1598 37·
321 1526 525 1591 restrictione
539 1526 719 1592 carnalium
739 1550 762 1594 a
781 1529 892 1595 noxiis
911 1548 1046 1613 quoque
1059 1525 1310 1612 voluptatibus⁸
1331 1536 1417 1593 tem-

320 1649 481 1716 peremur.
525 1628 632 1714 Peny

746 1726 999 1784 Postuommun.

140 1845 296 1913 timorist.)
366 1827 504 1893 Praesta
527 1829 631 1910 nobis,
656 1831 871 1916 omnipotens
897 1830 999 1910 Deus,
1023 1838 1060 1894 ut
1084 1828 1313 1895 vivificationis
1342 1836 1420 1894 tuae

139 1913 288 2044 0000000000
320 1933 463 2016 gratiam
483 1944 732 2018 consequentes,
749 1935 784 2000 in
805 1935 875 2000 eius
896 1955 1032 2000 munere
1053 1929 1209 2018 semper⁴
1230 1933 1419 2019 gloriemur.

138 2044 276 2111 incesta.
320 2036 429 2121 Peny

743 2133 800 2190 Au
814 2133 995 2203 Populum.

140 2254 209 2307 Rs.
365 2234 475 2320 Super
494 2235 678 2321 populum⁶
700 2245 806 2316 tuum,
829 2237 982 2315 Domine,
1002 2256 1211 2321 quaesumus,
1232 2235 1420 2303 benedictio

141 2322 281 2438 (0000003070
322 2339 459 2423 copiosa
484 2341 666 2406 descendat
688 2339 910 2425 [indulgentia
932 2341 1045 2405 veniat
1054 2339 1092 2423 ⁰1,
1111 2340 1295 2406 consolatio
1316 2340 1420 2405 tribu-

142 2452 212 2503 Μαι.
224 2452 264 2514 38.
322 2450 406 2522 atur,
421 2442 507 2510 fides
520 2455 635 2510 sancta
650 2454 843 2523 succrescat,
857 2444 1043 2529 redemptio
1054 2443 1252 2528 sempiterna
1266 2443 1421 2509 firmetur.

142 2517 291 2648 &3⁰23ss
324 2547 387 2611 Per
403 2546 593 2647 Dominum
605 2557 791 2631 nostrumy

634 2722 736 2787 Feria
750 2722 779 2787 ii
792 2723 829 2788 in
846 2720 1113 2805 Quadragesima.
1438 2733 1497 2790 509

145 2849 177 2899 R.
189 2847 214 2900 s.
372 2831 559 2912 sanctifica,
578 2833 734 2908 Domine,
755 2853 965 2917 quaesumus,
983 2843 1097 2898 nostra
1118 2826 1252 2911 ieiunia,
1270 2841 1304 2898 et
1326 2851 1424 2897 cunc·

147 2915 224 2966 Gerb.
237 2914 277 2977 ³⁸·
327 2944 438 3002 tarum
450 2937 545 3003 nobis
560 2936 797 3021 indulgentiam
810 2937 973 3022 propitius
981 2937 1101 3021 largire
1114 2935 1294 3022 culparum.
1318 2935 1390 3000 Per.
1406 2960 1427 3017 γ

146 3065 189 3115 xix
200 3063 280 3128 infra.
376 3045 601 3131 Omnipotens
617 3049 816 3131 sempiterne
831 3047 933 3127 Deus,
944 3048 1001 3132 qui
1017 3068 1076 3131 per
1090 3048 1325 3113 continentiam
1340 3046 1427 3111 salu·

146 3128 287 3260 3132an
329 3155 436 3215 tarem
453 3160 488 3217 et
502 3152 697 3234 corporibus
712 3151 855 3216 mederis
869 3160 904 3215 et
919 3151 1096 3230 mentibus,
1111 3150 1318 3216 maiestatem
1333 3160 1426 3215 tuam

146 3262 216 3312 Pam
230 3274 287 3325 ³42·
330 3254 524 3339 suppliciter
536 3275 715 3321 exoramus
729 3264 766 3319 ut
778 3255 834 3340 pia
849 3255 1063 3319 ieiunantium
1076 3256 1266 3339 precatione
1277 3254 1427 3337 placatus

330 3367 365 3424 et
380 3359 567 3442 praesentia
581 3359 680 3425 nobis
694 3358 843 3424 subsidia
858 3359 1019 3443 praebeas
1035 3366 1068 3423 et
1083 3369 1225 3424 aeterna.
1271 3359 1341 3423 Per.
1357 3382 1375 3442 γ

807 3505 953 3561 Secreta

149 3623 180 3675 P.
191 3620 218 3674 a
374 3609 528 3693 Accepta
542 3609 604 3675 tibi
621 3609 673 3686 sit,
685 3609 841 3685 Domine,
851 3617 984 3674 nostrae
999 3607 1183 3674 devotionis
1198 3607 1331 3687 oblatio,
1343 3628 1429 3691 quae

149 3686 289 3819 ,0000004000
331 3723 365 3780 et
379 3714 537 3779 ieiunium
552 3723 712 3794 nostrum,
721 3723 755 3779 te
764 3723 934 3799 operante,
944 3711 1136 3792 sanctificet,
1146 3722 1179 3779 et
1190 3712 1428 3798 indulgentiam

148 3819 217 3936 m·
224 3832 297 3949 ‘³1⁸⁹ss
329 3818 425 3883 nobis
441 3826 520 3883 tuae
534 3817 769 3883 consolationis
784 3817 943 3883 obtineat.
988 3817 1059 3883 Per.

757 3964 1009 4020 Postoommun.

149 4069 272 4134 ΜΜῙ·
375 4065 596 4150 Quaesumus,
611 4067 825 4153 omnipotens
848 4066 951 4146 Deus,
967 4076 1004 4132 ut
1026 4066 1110 4133 inter
1131 4067 1200 4133 eius
1222 4085 1431 4132 numeremur

150 4134 296 4264 ffiffl',
331 4172 489 4250 membra,
519 4171 612 4236 cuius
650 4170 809 4254 corporc⁷
846 4171 1129 4236 communicamus
1165 4178 1200 4236 et
1236 4167 1430 4255 sanguinei.

332 4273 404 4339 Per.
420 4300 441 4357 γ

757 4369 814 4426 Ad
829 4369 1008 4438 Populum.

153 4474 223 4528 RS·
377 4472 472 4552 Esto,
503 4471 657 4553 Domine,
680 4473 846 4558 propitius
871 4471 961 4556 plebi
985 4469 1071 4551 tuae,
1094 4481 1128 4538 et
1155 4472 1330 4557 temporali
1356 4490 1433 4537 con-

151 4541 293 4672 103οξ
333 4574 496 4643 solatione
526 4597 592 4643 non
622 4577 757 4643 deseras
788 4597 890 4662 quam
915 4577 966 4642 vis
995 4579 1038 4642 ad
1068 4585 1200 4642 aeterna
1228 4578 1433 4643 contendere

152 4674 297 4803 40444300034900
335 4681 406 4746 Per.
