3352 5828
693 809 921 868 APPENDIX.

364 979 401 1040 D.
423 975 668 1039 incommutabilis
688 975 778 1037 virtus

676 1116 723 1177 De
736 1117 885 1178 Abraham
900 1118 942 1175 rii'.

365 1236 403 1297 D.
424 1235 551 1299 fidelium
571 1245 652 1315 pater
672 1251 787 1296 numme

527 1384 566 1445 In
579 1384 686 1447 Exodo
698 1386 804 1445 r'vcm
818 1389 890 1443 caret.
931 1381 1090 1443 Cantemus

365 1500 405 1561 D.
426 1501 508 1562 cuius
527 1500 646 1580 antiqua
666 1498 806 1561 miracula

575 1639 615 1700 In
628 1639 712 1701 Learir
725 1658 752 1701 n.
794 1639 879 1703 Haec
900 1638 1044 1700 hereditas

367 1756 405 1819 Ο.
426 1775 450 1818 s.
471 1755 510 1818 Ι).
530 1755 689 1835 multiplice
708 1755 740 1816 in
761 1756 903 1819 honorem

568 1896 608 1958 In
621 1897 768 1958 Hieremia
782 1900 820 1959 ω’.
862 1898 941 1958 nudi
962 1897 1050 1958 Israel

368 2013 405 2074 D.
426 2013 476 2092 qui
496 2013 651 2076 ecclesiam
670 2025 750 2076 tunm
771 2033 886 2094 semper
906 2015 1037 2095 gentium
1154 2022 1158 2035 ·

498 2154 538 2215 In
551 2154 685 2217 Ezechiel
696 2156 745 2217 vii.
786 2155 877 2217 Facta
897 2166 941 2216 est
963 2174 1049 2236 super
1069 2173 1117 2216 me

369 2271 408 2332 D.
429 2273 478 2351 qui
499 2290 555 2333 nos
575 2271 615 2332 ad
635 2272 841 2334 celebrandum

512 2411 552 2473 In
565 2412 648 2474 Iraia
660 2415 718 2474 mii
726 2432 788 2473 curn
801 2420 875 2475 cant.
916 2413 1011 2474 Vinea
1030 2411 1100 2471 Dni.

373 2528 411 2588 D.
432 2529 482 2608 qui
503 2529 534 2588 in
554 2530 691 2590 omnibus
710 2529 849 2591 ecclesiae
869 2541 936 2590 tuae
957 2529 1022 2589 filiis

525 2667 564 2729 In
577 2668 684 2731 Exodo
697 2672 741 2730 ix.
782 2669 862 2730 Dixit
882 2687 1001 2749 quoque
1022 2668 1168 2730 Dominus

375 2784 412 2846 O.
433 2803 456 2844 s.
479 2786 518 2845 D.
539 2785 589 2863 qui
610 2787 642 2844 in
662 2786 793 2846 omnium
814 2804 937 2864 operum

731 2925 778 2987 De
790 2925 863 2988 Iona
875 2947 910 2988 x.

374 3023 410 3084 D.
433 3024 483 3102 qui
504 3024 696 3087 diversitatem

535 3173 575 3234 In
588 3173 673 3236 Dent.
687 3178 798 3236 xr'crem
812 3183 884 3236 cant.
925 3174 1072 3236 Attendite

374 3289 412 3349 D.
434 3289 575 3352 celsitudo
594 3291 745 3351 humilium
765 3304 794 3353 et
815 3290 950 3352 fortitudo

550 3447 589 3506 In
602 3446 713 3507 Dam'el
722 3449 779 3508 xri'.
820 3446 1073 3508 Nabncodonosor

375 3559 413 3622 Ο.
434 3578 457 3620 s.
479 3551 517 3621 D.
539 3579 606 3640 spes
626 3563 713 3623 unica

373 3658 522 3737 (Pmtl’s.
535 3661 599 3739 xlx)
619 3659 658 3721 O.
678 3679 702 3719 s.
723 3659 761 3720 D.
782 3661 894 3738 respice
914 3661 1056 3738 propitius

738 3757 810 3818 Inde
822 3759 959 3818 descendis
972 3776 1033 3818 cum
1046 3757 1165 3819 Lt'tam'a
1179 3756 1326 3838 adsonter.

334 3921 480 3984 oratum
493 3926 536 3984 ad
547 3924 673 3986 Mrirarrr
689 3927 720 3984 in
733 3932 807 3984 nocte
819 3931 917 3985 sancta
931 3920 1053 4008 [Statio]
1068 3927 1110 3985 ad
1119 3926 1167 3986 La
1182 3930 1254 4002 (tera
1268 3924 1329 4001 Κ).
1394 3936 1471 3988 Geth.
1537 3936 1542 3951 “

381 4038 419 4098 D.
441 4041 491 4119 qui
510 4041 587 4101 hanc
607 4041 831 4102 sacratissimam
851 4051 970 4102 noctem
990 4041 1084 4118 gioria
1394 4019 1439 4071 ψ’
1450 4003 1542 4070 89-90.

377 4140 416 4201 D.
436 4139 487 4219 qui
507 4158 561 4219 per
579 4138 772 4218 Unigenitum
792 4151 875 4201 tuum

378 4232 500 4312 Suscipe
520 4251 549 4311 q.
572 4232 649 4293 Dne.
670 4242 699 4294 et
719 4233 811 4312 plebis
830 4245 897 4294 tuae

358 4332 444 4392 eVD.
464 4331 558 4392 Adest
577 4332 656 4393 enim
675 4333 761 4393 nobie
781 4333 994 4412 optatissimum

378 4428 460 4515 [VD.
483 4430 529 4492 Te
550 4429 668 4510 quidem
689 4431 771 4492 omni
790 4439 921 4511 tempore
941 4430 994 4494 ned
1013 4430 1045 4492 in
1065 4427 1134 4515 hee]

378 4530 638 4593 Communicantee
658 4539 688 4591 et
708 4541 827 4592 noctem
848 4531 1072 4593 secretissimum

378 4630 467 4690 Hanc
488 4628 573 4707 igitur
592 4629 771 4691 oblationem
792 4628 933 4691 servitutis
954 4631 1071 4691 nostrae

379 4724 571 4811 [eBenedictrir
583 4726 672 4807 Agnr'.
715 4727 753 4788 D.
775 4729 923 4789 universae
944 4730 1039 4790 uernis
1058 4729 1108 4808 qui
1129 4726 1209 4811 Noe]

380 4825 497 4887 Praesta
518 4845 546 4906 q.
566 4845 595 4887 ο.
616 4825 654 4886 D.
675 4837 708 4887 ut
727 4827 827 4887 divino
846 4845 967 4887 munere

380 4920 552 5006 [eSpiritum
571 4925 603 4984 in
623 4925 709 4985 nobis
729 4923 806 4985 Dne.
827 4935 894 4985 tuae
913 4920 1052 5008 caritatis]

379 5021 479 5098 Digne
499 5040 555 5083 nos
574 5032 626 5084 tuo
646 5023 759 5083 nomini

380 5116 532 5200 [uidentes
554 5131 666 5182 nostrus
686 5138 714 5198 q.
737 5121 812 5181 Due.
834 5122 942 5182 lumine
963 5132 1029 5182 tune
1048 5118 1196 5203 claritatis]
