3352 5828
302 405 363 469 126
579 412 709 471 araur
727 413 1117 473 sacramenrorum
1254 414 1399 483 [iussn

118 592 146 645 s.
342 577 423 642 VD.
462 577 542 644 Post
571 576 646 645 illos
675 577 764 643 enim
793 576 940 645 laetitiae
967 579 1039 644 dieu
1062 600 1148 664 quos
1178 579 1212 644 in
1233 578 1362 646 honore
1370 578 1407 650 ¹⁰.

120 658 211 791 iffi·
301 679 438 747 Domini
468 702 489 746 a
521 683 660 748 mortuis
689 684 897 768 resurgentis,
917 692 958 749 et
987 684 1022 748 in
1051 683 1161 750 caelos
1188 683 1399 750 ascendentis

119 787 258 905 plen-106·
300 786 484 870 exegimus,
513 795 656 872 postque
665 783 692 825 ¹²
722 798 917 871 perceptum
952 788 1057 854 sancti
1086 786 1228 873 Spiritus
1261 787 1409 868 donum,

119 864 267 984 122²,
302 890 485 956 necessaria
513 887 677 956 etenim¹²
702 889 836 958 nobis¹⁸
862 891 982 958 ieiunia
1010 901 1126 958 sancta
1155 891 1287 975 provisa
1313 900 1400 970 sunt,

302 1001 339 1058 ut
378 1014 461 1078 pura
497 994 748 1060 conversatione
783 995 971 1061 viventibus
999 1015 1086 1080 quae
1127 994 1285 1060 divinitus
1321 1003 1400 1060 sunt

303 1096 460 1163 ecclesiae
482 1097 602 1164 collata
630 1108 846 1185 permaneant
855 1096 892 1165 ¹⁴.
937 1100 1000 1163 Per
1021 1097 1190 1165 Christum
1213 1097 1400 1164 Dominum

303 1209 462 1266 nostrum.
477 1228 498 1285 γ
730 1297 981 1357 postcomm
1414 1289 1475 1348 6⁰4

121 1423 280 1491 sinatur.)
349 1415 445 1499 Quos
470 1417 592 1484 ieiunia
614 1419 728 1485 votiva
750 1421 916 1505 castigant
933 1429 1000 1500 tua,
1020 1419 1175 1500 Domine,
1195 1428 1401 1486 sacramenta

122 1490 199 1671 Ξῖ
213 1503 270 1555 ¹³⁴*
304 1519 472 1588 vivificent
480 1518 516 1602 ¹⁶,
532 1531 569 1586 ut
584 1524 721 1590 terrenis
735 1522 910 1591 affectibus
928 1522 1087 1609 mitigatis
1102 1522 1230 1590 facilius
1247 1523 1402 1590 caelestia

199 1635 243 1684 .3.

305 1625 485 1708 capiamus.
530 1625 601 1691 Per.

722 1723 779 1780 Ad
799 1722 977 1793 Populum.

124 1849 279 1916 Reman.)
348 1840 481 1907 Gratias
502 1841 563 1907 tibi
586 1840 716 1923 reserat,
732 1843 885 1922 Domine,
900 1844 1001 1910 corde
1021 1842 1173 1910 subiecto
1193 1851 1251 1908 tua
1272 1863 1403 1929 semper

124 1915 280 2048 ῦηζξξὲᾖ,
305 1942 451 2024 ecclesia,
488 1955 522 2010 et
559 1955 799 2031 consequenter
839 1948 999 2027 obtineat,
1039 1956 1078 2013 ut
1089 1945 1116 1987 ¹⁸
1155 1946 1403 2012 observationes

304 2048 459 2133 antiquas
474 2049 593 2134 iugiter
607 2052 809 2117 recensendo
818 2051 845 2091 ¹⁸
857 2051 1007 2137 proficiat
1022 2051 1057 2117 in
1073 2049 1229 2117 futurum.
1275 2050 1348 2117 Per.

123 1685 278 1752 nusum

744 2300 847 2366 Feria
867 2310 967 2367 sexta.

125 2455 156 2505 R
168 2454 195 2507 s.
351 2436 400 2503 Ut
424 2438 527 2514 nobis,
544 2439 701 2516 Domine,
714 2447 920 2504 terrenorum
928 2436 955 2480 ¹⁷
971 2437 1102 2524 frugum
1124 2438 1252 2504 tribuas
1261 2437 1288 2477 ¹⁸
1306 2439 1403 2506 uber-

124 2520 272 2637 ffilssj
306 2548 422 2621 tatem,
451 2541 503 2608 sac
536 2552 666 2608 mentes
698 2550 828 2608 nostras
863 2542 997 2608 caelesti
1031 2541 1203 2608 fertilitate
1235 2541 1403 2611 fecundas.

124 2650 245 2715 Leom.
307 2645 377 2711 Per.

126 2768 153 2820 S·
350 2766 425 2832 Fiat
436 2765 462 2805 ¹⁹
491 2776 550 2834 tua
576 2767 692 2850 gratia,
715 2765 870 2845 Domine,
895 2767 1083 2832 fructuosus
1091 2765 1119 2806 ¹⁰
1143 2776 1276 2832 nostrae
1302 2767 1405 2831 devo·

126 2833 216 3016 ξξξέ
308 2871 409 2936 tionis
424 2869 572 2950 affectus,
582 2870 660 2954 quia
674 2879 753 2936 tunc
762 2867 790 2909 ²⁰
806 2870 902 2936 nobis
916 2870 1099 2956 proderunt
1114 2881 1269 2956 suscepta
1284 2869 1406 2934 ieiunia

126 2965 210 3081 lgm·
222 2979 247 3029 ³·
309 2975 337 3038 si
352 2983 429 3040 tuae
444 2975 511 3039 sint
526 2973 646 3058 placita
658 2970 683 3013 ²¹
700 2974 826 3058 pietati.
872 2975 934 3039 Per
949 2974 1143 3040 Dominum.
1158 3000 1180 3058 γ

126 3101 214 3162 supra.

784 3161 930 3219 &orem

127 3297 160 3347 R.
172 3296 199 3349 s.
354 3280 575 3365 Omnipotens
595 3281 796 3364 sempiterne
819 3279 919 3358 Deus,
933 3279 991 3362 qui
1006 3299 1072 3343 non
1086 3277 1318 3343 sacrificiorum
1333 3300 1406 3344 am·

128 3362 277 3479 fflffij
311 3384 438 3451 bitione
467 3384 616 3470 placaris,
641 3384 700 3448 sed
731 3383 843 3450 studio
869 3383 946 3468 piae
969 3381 1158 3447 devotionis
1183 3381 1337 3462 intendis,
1361 3384 1406 3447 da

129 3492 212 3545 1³0st-
225 3506 250 3557 ³·
310 3487 455 3554 familiae
485 3497 562 3554 tuae
590 3488 743 3574 spiritum
776 3496 903 3553 rectum
931 3495 966 3552 et
997 3484 1121 3550 habere
1149 3505 1207 3551 cor
1234 3485 1408 3566 mundum,

311 3602 349 3658 ut
370 3591 453 3658 fides
483 3612 597 3658 eorum
628 3590 711 3656 haec
730 3591 821 3657 dona
843 3589 906 3656 tibi
926 3589 1081 3656 conciliet
1101 3584 1166 3678 [et]
1190 3585 1217 3626 ²⁹
1238 3588 1408 3656 humilitas

310 3695 424 3762 oblata
432 3694 460 3736 ²⁸
477 3694 698 3762 commendet.
744 3695 815 3760 Per.

647 3883 650 3890 “
729 3883 979 3942 Poutoommun.

129 4026 162 4078 lc
173 4025 200 4078 S.
352 4008 484 4088 Annue,
499 4027 708 4093 quaesumus,
722 4006 935 4091 omnipotens
951 4004 1053 4084 Deus,
1068 4015 1106 4071 ut
1126 4014 1407 4073 sacramentorum

128 4093 275 4222 ἓξὲξ·
308 4123 440 4179 tuorum
463 4122 557 4198 gesta
580 4111 771 4190 recolentes,
786 4120 820 4175 et
835 4109 1012 4195 temporali
1026 4110 1200 4177 securitate
1215 4110 1407 4190 relevemur,

129 4222 211 4341 Ἃ.
218 4237 275 4354 ³³⁷9
309 4226 343 4282 et
358 4217 546 4282 erudiamur
559 4214 721 4308 legalipus
736 4214 906 4280 institutis.
951 4214 1021 4279 Per.

729 4404 785 4461 Ad
806 4403 986 4474 Populum.

130 4545 163 4597 le
174 4545 201 4597 S.
354 4528 460 4593 Fideli
476 4525 610 4611 populo,
626 4525 781 4606 Domine,
797 4524 1053 4592 misericordiam
1072 4534 1163 4590 tuam
1179 4524 1328 4612 placatus
1342 4525 1405 4591 im·

129 4611 276 4742 ἓᾟὸξ]
312 4635 428 4718 pende,
461 4643 495 4699 et
509 4630 690 4717 ‚praesidia
720 4631 866 4715 corporis
897 4629 1031 4714 copiosa
1061 4628 1168 4695 tribue
1197 4628 1407 4715 supplicanti.

311 4740 381 4805 Per.
