3352 5828
241 799 416 869 fluunt]
551 802 767 862 nonanes
787 803 1031 863 occursus.
1275 814 1335 882 113

734 1054 839 1113 m

242 1183 288 1252 st
295 1185 412 1270 sam
424 1185 643 1270 baptisandus,
658 1184 809 1252 accedens
825 1186 971 1251 sacerdos
984 1185 1066 1251 dr'et't
1077 1187 1110 1252 ei
1118 1182 1129 1223 ¹
1147 1184 1337 1270 Orationem
1362 1202 1395 1254 re

304 1299 338 1354 et
352 1288 546 1374 Symbolum,
557 1301 590 1356 et
601 1289 779 1357 catechizat
791 1310 864 1358 nem
877 1288 930 1356 Itis
943 1290 1057 1370 verbis,
1072 1291 1222 1374 imposita
1235 1311 1337 1355 manu
1361 1268 1437 1321 Gau
1450 1282 1507 1335 ²⁸4

305 1395 406 1478 capiti
417 1394 506 1461 eius:
529 1394 645 1461 deinde
657 1392 833 1461 dr'cithanc
843 1394 1021 1460 arationem
1036 1405 1132 1477 super
1145 1414 1240 1459 mm:
1265 1393 1337 1460 N'ec

305 1505 341 1564 te
354 1494 480 1565 lateat*
496 1497 646 1579 Satanas,
660 1501 747 1564 sieut
758 1498 914 1581 scriptum
928 1498 1024 1564 estin
1042 1496 1192 1563 Sabbata.

285 1634 345 1716 Te,
355 1636 508 1716 Domine,
522 1635 687 1722 supplices
703 1655 883 1701 exoramus
897 1645 935 1701 ut
948 1635 1134 1702 visitatione
1148 1644 1207 1700 tua
1221 1644 1337 1702 sancta
1361 1648 1393 1702 R

168 1752 229 1811 tet
242 1739 347 1826 erigas
376 1741 420 1806 ad
451 1740 606 1806 te·hunc
635 1739 796 1805 famulum
826 1749 931 1816 tuum,
957 1760 999 1806 ne
1028 1739 1213 1806 adversario
1238 1738 1336 1805 liceat
1361 1713 1516 1833 ffissffi

242 1865 347 1929 usque
371 1845 415 1910 ad
440 1845 658 1912 tentationem
681 1842 838 1909 animaei
864 1844 1051 1929 pervenire:
1082 1841 1165 1909 sed⁴
1191 1842 1276 1910 sicut
1302 1844 1335 1909 in
1361 1846 1446 1914 mut

243 1947 306 2013 Iob
338 1948 515 2014 terminum
549 1967 646 2034 pone,
676 1968 718 2014 ne
748 1947 899 2014 inimicus
928 1950 971 2014 de
1001 1949 1112 2014 anima
1141 1947 1236 2012 huius
1265 1948 1336 2013 sine

242 2052 469 2136 redemptione
512 2051 724 2138 baptismatis
768 2052 906 2137 incipiat
949 2051 1161 2136 triumphare.
1220 2049 1337 2128 Differ,

242 2155 398 2235 Domine,
434 2155 563 2222 exitum
600 2153 749 2233 mortis⁶,
785 2165 821 2221 et
863 2155 1007 2240 spatium
1050 2155 1138 2222 vitae
1174 2154 1337 2221 distende.

243 2258 390 2325 Releva⁰
414 2279 513 2344 quem
539 2260 702 2343 perducas
730 2258 775 2323 ad
804 2259 961 2344 baptismi
990 2254 1265 2335 sacramentumi,
1295 2278 1338 2324 ne

243 2363 460 2448 redemptioni
475 2373 553 2429 tuae
574 2363 695 2429 inieras
717 2365 887 2429 damnum.
931 2361 1028 2428 Tolle
1047 2362 1253 2428 occasionem
1267 2363 1337 2427 dia·

243 2467 322 2534 bolo
350 2467 586 2552 triumphandi,
612 2477 647 2535 et
670 2487 800 2533 reserva
821 2489 921 2552 quem
946 2467 1120 2552 triumphis
1143 2464 1338 2550 compares⁸

247 2568 380 2650 Christi,
405 2579 444 2637 ut
465 2591 567 2655 ,sanus
592 2570 655 2637 tibi
681 2572 715 2635 in
744 2569 966 2636 ecclesia-tua
994 2571 1101 2655 gratia
1129 2569 1338 2656 baptismatis

246 2684 443 2754 renascatur,
458 2675 602 2741 facturus
617 2683 736 2741 cuncta
751 2694 836 2758 quae
851 2676 1002 2758 petimus.
1043 2675 1113 2740 Per.

247 2825 1340 2958 summum

246 2956 1340 3113 manutenementum&

247 3102 344 3231 teu,
352 3087 952 3231 §sensumsensurn
958 3088 1090 3204 n
1098 3087 1341 3232 erutuet

248 3224 379 3284 repennon
396 3217 426 3296 oi
438 3218 481 3268 the
496 3220 576 3270 robnc
593 3234 619 3268 rn
635 3218 668 3270 V.
680 3219 711 3269 ih
729 3221 781 3312 (pce
796 3217 855 3268 lxxu
867 3218 951 3296 sessa)
968 3220 991 3269 is
1005 3218 1048 3270 the
1062 3233 1173 3313 ssme‘m
1189 3217 1250 3269 both
1267 3224 1339 3278 textu,

317 3282 738 3409 ‚miiffiiveiihm
767 3283 1038 3400 numisma.
1060 3284 1341 3414 stasim}

247 3412 279 3464 V.
299 3413 366 3464 Gell.
385 3429 412 3463 us
431 3420 491 3463 text
588 3410 755 3464 ‘distendere
780 3415 849 3464 Leoa
868 3414 950 3473 Germ
976 3414 1006 3463 R
1089 3414 1222 3464 entendm.
1250 3413 1338 3463 aava

246 3475 258 3507 ³
273 3479 423 3528 manenti
432 3479 464 3527 V.
577 3475 587 3506 ⁸
603 3480 632 3528 in
649 3494 722 3544 quem
740 3479 880 3545 triumphus
894 3486 1022 3544 cumpares
1041 3479 1089 3540 R.;
1113 3494 1185 3544 quem
1203 3477 1341 3543 triumphis

246 3549 387 3608 rompmare
397 3541 478 3603 Gella
495 3541 526 3594 V.
537 3557 566 3592 ss
575 3549 635 3594 text.

732 3783 856 3839 nm.

277 3910 374 3978 Irnu
396 3926 448 3978 ru>
469 3925 789 3981 cumcuuuauuu
812 3927 862 3977 ox
886 3925 1034 3979 proruo
1056 3925 1278 3977 rneruuourr
1289 3907 1311 3973 ¹.

252 4048 409 4115 Gentilem
423 4049 582 4117 hominem
595 4071 667 4114 cum
681 4051 866 4134 susceperis,
879 4051 915 4115 in
922 4049 1066 4135 primis²
1078 4048 1255 4115 catechistas
1266 4068 1340 4114 nam
1365 4067 1397 4121 R

312 4154 436 4221 divinis
457 4153 666 4231 sermonibus,
688 4165 722 4220 et
750 4153 813 4220 das
836 4157 870 4220 ei
893 4156 1018 4220 monita
1026 4154 1049 4234 ⁸,
1074 4151 1340 4237 quemadmodum
1366 4134 1440 4187 (Μ
1454 4147 1508 4200 ¹⁵⁴·

307 4267 384 4341 past
399 4260 559 4341 cognitam
581 4259 753 4323 veritatnn
775 4259 884 4323 vivere
904 4257 1019 4323 debeat
1064 4257 1148 4323 Post
1161 4255 1237 4320 leaec
1248 4256 1343 4340 facis

314 4382 387 4427 nam
400 4360 676 4428 catechumenum:
698 4361 854 4446 exsufflas
876 4363 911 4428 in
922 4363 1047 4447 sacrem
1066 4363 1144 4435 eius,
1157 4369 1189 4425 et
1197 4360 1292 4443 sacis
1311 4361 1345 4426 ei

313 4487 437 4531 crucem
453 4467 488 4531 in
493 4464 632 4548 fronte⁴
645 4493 656 4529 :
680 4467 818 4551 imponis
832 4486 967 4531 manum
980 4476 1074 4549 super
1094 4472 1190 4548 caput
1205 4463 1275 4529 eius
1288 4462 1343 4530 Itis

315 4569 429 4636 verbis

293 4706 422 4791 Accipe
448 4707 577 4791 signum
602 4709 707 4773 crucis
729 4718 799 4772 tam
826 4709 860 4772 in
886 4707 992 4772 ironte
1015 4725 1114 4789 quam
1141 4704 1174 4768 in
1200 4701 1340 4769 corde⁴:

249 4829 344 4875 sume
367 4808 468 4875 fidem
490 4811 678 4876 caelestium
698 4820 967 4894 praeceptorum:
989 4809 1065 4874 talis
1091 4817 1163 4873 esto
1187 4807 1341 4884 moribus,

251 4922 288 4978 ut
311 4913 475 4999 templum
497 4915 562 4980 Dei
586 4935 656 4980 esse
680 4916 746 4980 iam
768 4916 897 5000 possis:
921 4915 1149 4999 ingressusque
1170 4910 1340 4977 ecclesiam

251 5017 326 5093 Dei,
340 5018 483 5086 evasisse
502 5030 535 5085 te
555 5019 690 5104 laqueos
706 5018 845 5086 mortis³
861 5019 967 5084 laetus
981 5037 1133 5102 agnosce.
1178 5015 1342 5080 Horresce

250 5120 357 5187 idola:
391 5143 506 5206 respue
533 5123 724 5190 simulacra:
761 5123 833 5189 cole
844 5121 861 5162 ⁸·
889 5123 999 5188 Deum
1029 5122 1160 5187 Patrem
1190 5119 1341 5204 omnipo-

789 5240 801 5291 1
