3352 5828
583 822 815 883 APPENDIX.

475 987 533 1075 [Id.
547 990 628 1069 Aug.
642 986 716 1052 Nat.
730 989 762 1051 S.
777 988 931 1067 Hippolyti.

259 1106 289 1170 S.
310 1106 462 1186 Hippolyti
481 1108 612 1185 martyris
632 1103 710 1168 Dne.
731 1125 761 1186 q.
782 1103 947 1166 veneranda

260 1206 384 1286 Respice
405 1205 480 1268 Dne.
499 1223 621 1267 munera
639 1205 743 1286 populi
763 1207 805 1267 tui

239 1304 326 1367 eVD.
345 1304 405 1379 Qui
420 1322 488 1366 non
507 1304 602 1366 solum
622 1304 709 1366 malis
729 1305 839 1367 nostris

259 1403 510 1465 Sacramentorum
529 1413 647 1465 tuorum
667 1401 743 1464 Dne.
766 1400 951 1487 communio]

488 1543 578 1604 Held.
591 1543 656 1604 xiii
661 1550 726 1621 post
733 1542 916 1604 Pentecosten.

263 1654 301 1716 0.
322 1672 346 1716 s.
365 1653 403 1714 D.
424 1654 475 1734 qui
495 1654 674 1715 abundantia
693 1653 805 1734 pietatis

263 1751 301 1815 Ο.
323 1771 347 1814 a.
367 1751 405 1814 D.
425 1770 522 1832 aquo
542 1751 605 1815 sola
624 1750 691 1835 (ric)
711 1763 813 1814 sancta
834 1752 976 1814 desideria

261 1850 386 1931 Respice
406 1850 480 1913 Dne.
499 1870 528 1932 q.
549 1862 678 1912 nostram
700 1851 841 1931 propitius

261 1949 330 2010 VD.
348 1949 409 2024 Qui
430 1968 485 2011 nos
504 1950 675 2030 castigando
695 1968 783 2012 sanas

263 2047 426 2110 sentiamus
446 2048 523 2110 Dne.
544 2068 573 2129 q.
593 2049 636 2109 tui
656 2048 841 2128 perceptione

407 2185 485 2273 [xix
497 2187 568 2249 Kal.
582 2187 655 2266 Sept.
668 2188 741 2251 Nol.
757 2186 791 2250 S.
806 2187 926 2249 Euselti'
935 2186 1003 2249 Soc.

262 2303 301 2365 D.
322 2304 372 2384 qui
393 2322 449 2365 nos
470 2304 547 2365 beati
566 2304 687 2366 Eusebii

264 2399 373 2463 Laudis
392 2412 459 2462 tuae
478 2399 554 2463 Dne.
574 2401 684 2463 hostias
704 2399 889 2463 immolamus

247 2499 296 2561 eS.
316 2500 435 2562 Eusebii
455 2501 583 2562 natalitia
602 2496 796 2584 celebrantes]

469 2635 553 2724 [Item
566 2643 626 2719 ipro
638 2641 682 2700 att
701 2641 763 2718 Vig.
778 2639 810 2702 S.
823 2639 950 2700 Mariae.

272 2756 396 2818 Sanctae
416 2756 529 2818 Mariae
550 2774 665 2835 semper
684 2756 801 2835 virginis

269 2853 391 2933 Suscipe
411 2854 487 2916 Due.
508 2855 679 2916 sacrificium
700 2853 870 2932 placationis

270 2952 432 3014 *Adinvent
452 2969 507 3012 nos
526 2970 556 3032 q.
576 2953 651 3013 Dne.
672 2951 745 3013 haec
765 2948 914 3034 mysteria]

388 3094 471 3153 xvxii
479 3089 550 3152 Kal.
564 3089 638 3169 Sept.
652 3091 814 3169 Assumpt'o
827 3090 865 3152 S.
874 3091 1000 3152 Martiae.

270 3205 409 3268 Concede
431 3207 516 3268 nobis
536 3224 565 3285 q.
585 3224 613 3267 ο.
634 3205 673 3266 D.
693 3207 731 3266 ad
751 3207 779 3268 b
801 3205 913 3267 Mariae

270 3303 444 3365 Veneranda
464 3305 550 3366 nobis
568 3303 645 3365 Dne.
665 3302 750 3364 buius
770 3314 815 3364 est

269 3401 442 3463 Intercessio
461 3421 490 3482 q.
511 3400 589 3464 Dne.
609 3403 712 3463 beatae
733 3401 846 3462 Mariae

268 3498 336 3559 VD.
358 3498 423 3560 Nos
439 3509 467 3560 te
486 3499 517 3558 in
537 3498 594 3559 tuis

250 3595 393 3658 sCaelesti
414 3613 534 3656 munere
555 3596 649 3657 satiati
663 3593 700 3676 (l)
721 3614 749 3657 o.
769 3594 809 3656 D.
829 3605 880 3657 tua
900 3614 957 3657 nos

250 3693 307 3756 eO.
327 3713 351 3754 s.
371 3692 409 3755 D.
430 3694 481 3775 qui
502 3694 623 3754 terrenis
644 3691 819 3772 corponbus

432 3830 506 3918 [xvi
522 3833 593 3894 Kal.
614 3832 690 3912 Sept.
714 3833 774 3896 Ocl.
796 3831 829 3896 S.
849 3833 1011 3896 Laurentii.
1111 3832 1115 3839 ’

253 3944 306 4006 eB.
327 3945 480 4006 Laurentii
500 3964 555 4006 nos
575 3945 663 4006 faciat
682 3944 760 4006 Dne.
779 3945 879 4023 passio

271 4044 380 4105 Iterata
400 4043 553 4104 festivitate
573 4045 602 4103 b.
622 4042 773 4104 Laurentii

272 4140 309 4203 B.
329 4140 476 4202 Laurentii
495 4142 627 4220 martyris
646 4140 851 4202 honorabilem

255 4239 340 4299 aVD.
360 4238 395 4299 B.
414 4238 560 4300 harentii
579 4239 710 4301 natalitia
729 4248 893 4318 repetentes

274 4339 419 4401 Solemnis
438 4340 523 4399 nobis
543 4334 726 4422 intercessio]

450 4471 508 4558 [xv
527 4474 599 4536 Kal.
620 4474 695 4553 Sept.
716 4473 790 4536 Nol.
810 4474 842 4536 S.
861 4475 992 4555 Agopxli.

276 4589 377 4651 Sancti
396 4591 528 4668 martyris
547 4590 668 4670 Agapiti
688 4592 792 4651 merita

276 4687 397 4768 Suscipe
416 4687 492 4749 Dne.
512 4707 635 4749 munera
654 4707 731 4768 quae
751 4689 783 4750 in
803 4691 864 4751 eius

276 4787 414 4866 Protegat
433 4806 462 4867 q.
483 4786 558 4847 Dne.
578 4787 722 4866 populum
742 4799 825 4848 tuum
845 4799 876 4849 et
894 4781 1096 4868 participatio]

449 4919 517 5005 [xiv
537 4922 608 4983 Kat
628 4920 705 5000 Sept.
725 4922 800 4984 Nol.
821 4922 853 4985 S.
874 4922 993 5002 Magni.

276 5039 391 5100 Adesto
410 5037 488 5099 Dne.
509 5038 770 5118 supplicationibus
791 5039 897 5100 nostris
918 5048 947 5100 et
967 5037 1160 5100 intercedente

275 5137 395 5198 Praesta
415 5136 500 5197 nobis
521 5156 549 5215 q.
570 5135 659 5198 o.=D.
680 5146 713 5196 ut
732 5146 851 5197 nostrae

693 5252 753 5300 Aa

1294 4935 1427 5068 illiti
