3352 5828
683 809 914 868 APPENDIX.

355 976 539 1056 Sumpsinrus
557 974 634 1037 Dne.
655 974 830 1038 celebritatis
850 992 966 1037 annuae

355 1075 523 1136 Ascendsnt
542 1074 580 1135 sd
600 1084 628 1136 te
649 1073 726 1137 Dne.
746 1092 848 1153 preces
866 1083 982 1136 nostrae

348 1207 440 1267 Fertis
459 1209 488 1267 io
509 1207 552 1267 ad
568 1205 601 1269 S.
621 1204 756 1273 Mariam
776 1207 819 1266 ud
835 1205 973 1285 Praeceps
992 1202 1044 1286 (R.
1057 1202 1132 1266 sdds
1144 1201 1201 1265 Ed.
1214 1200 1251 1283 ι’).
1375 1207 1452 1262 Gerb.

355 1323 461 1384 Preces
480 1333 592 1384 nosuss
611 1340 640 1401 q.
660 1321 738 1382 Dne.
759 1320 918 1384 clementer
1376 1291 1421 1343 pp.
1432 1287 1523 1339 ΜΦ

356 1420 549 1482 Devotionem
569 1419 671 1499 populi
692 1420 734 1480 tui
754 1439 784 1500 q.
805 1418 882 1481 Dne.
902 1420 1047 1498 benignus

338 1518 503 1580 *sacrificis
522 1517 599 1579 Dne.
619 1518 762 1598 propitius
782 1515 849 1599 (sic)
869 1517 925 1580 ists

338 1616 422 1680 svD.
444 1615 505 1691 Qui
525 1617 556 1676 in
574 1617 712 1679 alimento

357 1715 417 1776 Tui
435 1713 511 1777 Dne.
531 1715 717 1794 perceptione
737 1715 910 1777 sacramenti

357 1814 405 1875 Da
424 1834 452 1893 q.
470 1814 547 1875 Dne.
566 1813 682 1894 populis
702 1813 872 1876 Christianis

344 1945 434 2006 Fertis
454 1966 472 2007 o
491 1947 533 2006 ad
550 1945 582 2007 S.
602 1947 790 2007 laurentium
811 1947 854 2006 ad
869 1943 951 2008 Fo'r.¹
967 1946 1022 2029 (ad
1032 1944 1189 2007 Fermento
1203 1943 1264 2026 Κ).

357 2060 394 2123 0.
415 2079 439 2121 s.
458 2060 496 2121 D.
517 2061 567 2142 qui
588 2061 674 2122 nobis
693 2061 725 2123 in
743 2062 944 2142 obsepndone

358 2158 512 2220 Precamur
533 2178 561 2221 o.
581 2158 621 2222 D.
641 2169 674 2220 ut
693 2159 731 2222 de
751 2160 922 2221 transitoriis

358 2256 477 2337 Suscipe
498 2269 613 2319 creator
632 2276 661 2319 o.
682 2257 721 2319 D.
742 2277 818 2339 quse
838 2258 998 2320 ieiunantes

339 2354 423 2415 *VD
445 2355 525 2431 Quis
545 2365 746 2436 competenter
766 2367 854 2436 utque
874 2356 1026 2419 salubriter

358 2455 554 2534 Percipientes
573 2453 650 2516 Dne.
670 2454 798 2533 gloriosa
816 2457 955 2534 mysteria

361 2552 487 2633 Respice
507 2553 584 2615 Dne.
607 2554 750 2633 propitius
769 2553 808 2614 nd
828 2554 944 2634 plebem
965 2566 1046 2616 tuam

399 2686 489 2747 rere
509 2688 543 2747 m·
559 2686 600 2745 ar
617 2686 763 2764 Apostolos
776 2683 828 2766 (s.
842 2685 915 2747 arr.
928 2684 983 2746 su.
999 2688 1014 2746 ι·
1025 2686 1063 2746 ln
1074 2665 1115 2747 'ra
1132 2732 1139 2747 .
1154 2663 1207 2766 .’.).

361 2802 435 2863 Esto
454 2802 530 2862 Dne.
550 2802 693 2881 propitius
713 2801 791 2881 plebi
814 2812 879 2862 tuse
899 2812 929 2862 et
948 2820 1038 2883 quam

362 2898 412 2959 Da
431 2900 517 2961 nobis
534 2919 563 2980 q.
586 2917 614 2960 o.
635 2899 673 2960 D.
692 2900 865 2962 ieiuniorum

365 2997 487 3076 Suscipe
504 3018 534 3079 q.
555 2998 634 3061 Dne.
656 2998 829 3061 devotorum
850 3016 971 3059 munera

344 3096 428 3157 eVD.
449 3097 499 3156 tibi
520 3098 681 3158 sacrificare
703 3098 843 3158 ieiunium

363 3194 480 3255 Praesta
500 3213 529 3274 q.
550 3193 627 3257 Dne.
647 3195 822 3275 spiritalibus
842 3195 956 3274 gaudiis

362 3291 450 3353 Plebs
469 3303 520 3352 tun
539 3292 615 3354 Due.
635 3309 666 3372 q.
686 3293 898 3354 benedictionis

384 3398 505 3477 Sublato
524 3417 566 3476 ad
582 3414 614 3478 S.
635 3416 808 3484 Petrum&
828 3418 882 3477 xii
898 3417 973 3477 Lect.
989 3415 1040 3496 (R.
1054 3417 1128 3478 sdds
1141 3416 1197 3477 Es.
1212 3417 1248 3497 ἰ).

362 3526 521 3612 [Populum
540 3541 624 3590 tuum
643 3528 720 3590 Dne.
742 3549 771 3608 q.
793 3530 938 3609 propitius
950 3527 975 3614 ¹]

361 3630 512 3690 Protector
531 3639 629 3690 noster
649 3629 749 3707 aspice
769 3627 809 3690 D.
829 3638 859 3689 et
879 3630 930 3707 qui

360 3726 474 3788 Adesto
493 3745 523 3806 q.
544 3725 621 3787 Dne.
642 3725 906 3805 supplicationibus
926 3725 1033 3787 nostris
1053 3737 1086 3787 ut
1106 3726 1191 3788 esse¹

361 3826 499 3886 Actiones
519 3836 634 3887 nostras
654 3844 684 3905 q.
705 3824 781 3886 Dne.
802 3835 833 3886 ct
853 3824 1033 3905 aspirand0¹

363 3922 445 3985 Deus
465 3925 516 4002 qui
536 3923 738 4001 delinquentes
759 3923 851 4002 perire
872 3942 933 3985 non
953 3924 1061 4001 pateris

363 4021 443 4081 Post.
463 4020 567 4085 Bened.
588 4021 671 4082 Deus
691 4039 781 4102 quem
801 4021 902 4083 omnis
922 4039 1013 4099 opera
1033 4020 1209 4082 benedicunt

364 4120 569 4180 Praesentibus
589 4119 737 4182 sacrificiis
759 4118 838 4181 Due.
859 4119 965 4180 ieiunis

348 4217 432 4297 ΝΒ,
453 4219 633 4280 Illuminstor
652 4229 681 4279 et
701 4218 870 4297 redemptor

366 4317 511 4396 Perpetuo
532 4317 607 4380 Due.
629 4316 728 4379 lavore
747 4335 924 4396 prosequere

368 4415 484 4477 Fideles
505 4428 571 4478 tuos
591 4415 669 4478 Dne.
684 4416 852 4477 benedictio
871 4409 1037 4476 desiderata

643 4539 702 4599 Die
721 4538 875 4600 Domritr’co
896 4546 987 4600 natal.

367 4654 450 4716 Deus
469 4657 519 4734 qui
541 4656 684 4733 conspicis
704 4653 787 4717 omni
808 4674 865 4715 nos
885 4656 988 4715 virtute

298 4820 307 4848 ¹
325 4818 706 4887 Probably‘adFomm'e
722 4834 797 4870 neme
813 4819 887 4885 given
903 4825 932 4869 to
947 4816 1366 4869 mecummotshmoeun

266 4885 434 4951 Pnnlspem'
467 4887 493 4936 11
506 4901 543 4947 so,
560 4885 602 4936 tbe
618 4901 691 4936 neme
707 4892 809 4946 annot,
826 4900 855 4935 ns
874 4883 921 4934 bu
942 4883 1085 4934 sometimes
1105 4882 1168 4932 been
1184 4881 1318 4998 nomed,
1334 4882 1366 4932 be

266 4951 368 5002 derived
379 4952 443 5002 from
455 4951 492 5001 Po
537 4952 679 5013 Formosus,
690 4950 733 5001 tbe
748 4957 855 5002 restores
864 4949 895 5000 oi
904 4949 948 5000 tbe
959 4947 1069 5009 Choreb,
1080 4948 1147 4999 uince
1158 4946 1201 4998 tbe
1323 4947 1366 4998 tbe

265 5025 318 5067 two
329 5016 402 5066 MSS.
415 5017 437 5066 is
447 4968 536 5067 enrffir
545 5017 603 5067 thnn
615 5016 654 5067 bis
664 5014 809 5083 poutlr'rme
819 5017 837 5067 b
863 5014 948 5080 nearly
959 5031 975 5065 ι
986 5022 1094 5079 century.

298 5081 309 5110 ²
325 5082 357 5131 R.
368 5081 512 5132 substituta
527 5083 565 5132 sor
581 5081 622 5133 the
636 5081 687 5132 first
703 5081 804 5133 Colleet
868 5082 965 5132 eone.
975 5080 1104 5146 propium
1120 5078 1208 5143 (Gerb.
1220 5092 1246 5144 p.
1258 5075 1302 5142 41)
1315 5077 1364 5128 und

266 5146 355 5198 inverte
365 5147 408 5198 tbe
419 5146 493 5197 order
504 5147 533 5197 oi
541 5147 612 5199 those
623 5148 757 5214 beginning
768 5147 866 5208 Adoro,
880 5147 1003 5197 Actium.
