3352 5828
792 377 1024 434 APPENDIX.

462 538 530 600 VD.
549 539 611 615 Qui
631 539 794 625 ascendens
814 559 899 621 super
918 558 1023 603 omnes
1044 540 1141 602 caelos

463 637 722 700 Communicantes
742 649 771 700 et
792 639 870 700 diem
889 640 1115 702 sanstissimum
1137 683 1144 699 .
1167 685 1174 700 .
1196 686 1203 702 .
1225 638 1450 721 praevenientes

463 737 552 798 Hanc
573 737 660 816 igitur
679 737 860 800 oblationem
880 738 1024 799 servitutis
1044 747 1162 799 nostrae

464 835 582 897 Praesta
602 855 631 917 q.
653 854 682 897 o.
702 836 741 898 D.
762 848 795 899 ut
815 836 936 918 Spiritus
957 833 1102 920 [sanctus]

607 1014 692 1101 [Item
712 1020 772 1080 alsit
789 1018 890 1080 Missa
903 1017 952 1101 (8¹
964 1020 1039 1081 adds
1052 1019 1115 1100 laff-
1129 1019 1226 1102 Ebu..)

464 1136 572 1197 Annue
594 1154 636 1197 ru.
656 1135 696 1198 D.
718 1147 750 1197 ut
770 1137 820 1216 qui
841 1137 937 1200 divina

465 1234 588 1296 Hostias
609 1235 713 1314 populi
732 1236 775 1296 tui
794 1255 824 1317 q.
840 1235 918 1297 Due.
937 1237 1090 1298 miseratus

446 1333 531 1393 sVD.
553 1333 613 1409 Qui
635 1344 846 1395 sacramentum
868 1335 1002 1413 paschale

467 1433 564 1496 Sacris
583 1433 756 1495 caelestibus
776 1432 852 1495 Due.
873 1434 942 1496 vitia
962 1443 1061 1495 nostra
1081 1428 1254 1516 purgentur]

602 1616 662 1678 Die
680 1624 776 1677 sancto
795 1616 966 1680 Pentecoste
985 1618 1025 1677 ad
1042 1615 1075 1678 S.
1096 1617 1225 1680 Petrum.

467 1732 505 1792 D.
525 1732 576 1820 qqi
596 1731 739 1794 hodierna
759 1733 807 1795 die
827 1733 917 1795 cords
936 1733 1066 1794 fidelium

467 1827 504 1889 0.
525 1847 549 1891 s.
570 1827 609 1890 D.
631 1828 681 1909 qui
701 1829 838 1910 paschale
855 1839 1071 1891 sanamentum
1091 1828 1303 1911 quinquaginta

467 1926 593 1988 Munera
612 1926 693 1989 Dne.
714 1946 743 2007 q.
763 1928 862 1990 oblato
881 1928 1031 1989 sanctifica

449 2025 534 2085 sVD.
556 2025 635 2100 Quia
656 2025 744 2087 hodie
766 2044 789 2088 s.
812 2025 934 2106 Spiritus

467 2124 726 2186 Communicantes
747 2134 777 2185 et
797 2125 901 2185 diem.
923 2169 931 2186 .
953 2170 960 2186 .
980 2125 1161 2190 celebrantes

468 2223 558 2284 Hunc
579 2224 667 2303 igitur
688 2221 866 2305 (utsupra.)

469 2321 498 2382 S.
520 2321 642 2402 Spiritus
662 2321 739 2383 Due.
760 2321 851 2383 corda
871 2331 971 2383 nostra
990 2323 1115 2384 mundet
1134 2321 1240 2384 infusio

469 2421 588 2482 Praesta
608 2439 637 2501 q.
658 2420 738 2480 Due.
760 2430 792 2481 ut
812 2439 830 2481 a
850 2421 957 2482 nostris
976 2421 1122 2482 mentibus
1247 2406 1249 2411 ¹

788 2602 874 2665 Alias
893 2607 1038 2666 maanes.

471 2720 510 2781 D.
531 2721 582 2800 qui
602 2729 785 2781 sacramento
804 2719 963 2781 festivitatis

475 2816 548 2902 [sD.
568 2819 619 2897 qui
640 2817 788 2896 discipulis
808 2819 863 2878 tuis
885 2818 1022 2897 Spiritum
1044 2815 1192 2901 sanctum]

475 2917 512 2978 0.
534 2936 559 2980 s.
579 2916 619 2976 D.
639 2915 735 2980 deduc
755 2935 811 2978 nos
832 2915 870 2977 sd
892 2917 1061 2977 societatem

475 3014 613 3075 Concede
634 3014 720 3074 nobis
741 3031 780 3072 m.
800 3011 838 3074 D.
859 3024 892 3074 ut
912 3015 985 3075 sicut
1004 3015 1035 3073 in
1056 3015 1177 3075 nomine

737 3193 828 3255 Feria
849 3197 880 3256 ti‘.
921 3195 974 3255 Ad
990 3197 1112 3256 mitrula.

476 3312 514 3371 D.
535 3311 586 3390 qui
607 3311 747 3389 apostolis
766 3309 822 3370 tuis
843 3329 867 3370 s.
888 3310 992 3372 dedisti
1014 3310 1152 3389 Spiritum

476 3409 619 3488 Propitius
639 3408 717 3470 Dne.
738 3428 768 3488 q.
787 3408 861 3469 haee
882 3408 961 3470 dona
981 3409 1129 3470 sanctifica

475 3509 588 3569 Adesto
607 3507 684 3569 Dne.
706 3527 735 3587 q.
757 3508 868 3586 populo
889 3517 941 3568 tuo
961 3519 990 3568 et
1011 3525 1100 3587 quem

660 3677 766 3764 [Fertis
786 3683 829 3743 stt.
868 3681 923 3742 Ad
939 3680 972 3743 S.
993 3681 1188 3742 Anartan'am.

476 3797 560 3858 Adsit
580 3796 667 3858 nobis
687 3796 764 3858 Dne.
788 3816 817 3876 q.
837 3797 928 3860 virtus
949 3797 1073 3877 Spiritus
1094 3799 1185 3859 sancti

479 3895 613 3956 Purificet
632 3913 689 3956 nos
709 3894 786 3955 Due.
808 3897 937 3957 muneris

478 3994 595 4056 Mentes
614 4004 729 4054 nostras
749 4011 778 4072 q.
798 3993 874 4056 Due.
896 3993 1021 4077 Spiritus
1042 3990 1176 4077 sanetus]

669 4158 673 4171 ’
701 4168 791 4229 Fertis
811 4171 850 4229 iv.
892 4168 946 4229 Ad
963 4168 995 4230 S.
1016 4168 1158 4230 Mariam.

479 4286 598 4347 Mentes
618 4294 733 4346 nostras
753 4304 781 4364 q.
804 4284 881 4346 Dne.
904 4284 1027 4373 Spiritus
1048 4285 1207 4346 Paraclitus

478 4384 597 4445 Praesta
617 4403 648 4463 q.
669 4402 698 4444 0.
719 4392 748 4443 et
768 4402 807 4445 m.
828 4382 868 4443 D.
888 4394 921 4444 ut
943 4383 1066 4462 Spiritus
1086 4394 1204 4444 sanetus

480 4483 589 4560 Accipe
609 4500 639 4560 q.
658 4480 736 4541 Dne.
756 4500 864 4542 munus
884 4481 1015 4543 oblatum
1036 4492 1065 4542 et
1085 4481 1237 4560 dignanter

480 4578 583 4666 [*VD.
604 4581 675 4641 Post
690 4581 755 4642 illos
775 4580 853 4642 enim
874 4580 997 4641 laetitiae
1019 4576 1094 4662 dies]

482 4681 636 4742 Sumentes
656 4680 732 4740 Due.
754 4679 888 4741 caelestia
909 4690 1091 4741 sacramenta
