3352 5828
693 809 919 867 APPENDIX

595 974 684 1037 Fertis
704 977 744 1036 oi.
786 974 837 1034 Ao
855 973 1009 1053 Apostolos.

364 1093 413 1154 Da
434 1111 463 1172 q.
483 1090 619 1154 ecelesiae
641 1103 707 1153 tuae
728 1109 767 1151 m.
787 1090 825 1151 D.
845 1101 877 1151 ut
898 1108 922 1152 s.
941 1090 1051 1169 Spiritu

366 1191 512 1253 Sacrificio
531 1191 607 1253 Due.
628 1192 683 1252 tuis
704 1189 804 1252 obluta
824 1189 1030 1269 conspectibus

370 1289 551 1370 sumpsimus
571 1289 646 1352 Dne.
666 1290 740 1351 sacri
759 1289 839 1351 dona
859 1288 987 1367 mysterii

507 1438 627 1500 Sodboto
642 1441 678 1499 ἐκ
697 1439 751 1500 xii
766 1436 843 1498 Lm.
864 1438 906 1498 od
924 1435 956 1498 S.
976 1435 1104 1497 Petrum.

368 1552 516 1615 Mentibus
535 1555 641 1616 nostris
661 1554 737 1616 Dne.
759 1552 899 1634 Spiritum
919 1562 1052 1613 sanctum

366 1652 423 1715 1110
442 1670 497 1715 nos
517 1653 584 1732 igue
604 1671 633 1732 q.
653 1652 735 1715 Due..
752 1651 874 1733 Spiritus
895 1662 1013 1714 sanctus
1032 1649 1193 1711 inflamutet

367 1750 405 1811 D.
426 1751 476 1832 qui
494 1751 532 1812 ad
552 1752 714 1813 animarum
733 1750 877 1812 medelam

367 1849 484 1912 Praesta
504 1869 532 1931 q.
553 1869 581 1912 o.
603 1849 640 1911 D.
660 1861 693 1912 ut
712 1849 885 1912 salutaribus
904 1849 1018 1910 ieiuniis

366 1948 484 2010 Praesta
504 1968 533 2029 q.
553 1967 581 2011 o
602 1948 640 2011 D.
661 1949 704 2012 sie
722 1967 779 2012 nos
798 1949 837 2010 ab
855 1948 950 2027 epulis

367 2043 420 2130 [D.
441 2048 491 2127 qui
510 2048 601 2109 tribus
621 2049 717 2127 pueris
737 2043 910 2130 mitigasti]²

366 2144 407 2206 Ut
426 2156 547 2225 acceptu
567 2146 620 2207 tibi
639 2145 697 2209 siut
716 2144 791 2208 Due.
811 2155 913 2208 nostra
933 2143 1039 2205 ieiunia

362 2244 528 2306 'Praebeant
549 2245 635 2306 nobis
653 2244 730 2309 Due.
753 2245 851 2306 divina
869 2255 920 2305 tus
940 2254 1041 2305 sancta

601 2393 753 2455 Domitia
775 2392 834 2455 oct.
853 2394 1030 2455 Pooecosos.
1080 2463 1083 2469 ι

350 2510 549 2572 ιΤίιιιειιῑίωιι
569 2522 599 2573 te
619 2511 696 2573 Dne.
716 2510 841 2572 salvator

370 2609 408 2671 Ο.
432 2620 461 2670 et
482 2628 522 2670 m.
543 2609 582 2670 D.
603 2610 641 2672 ud
660 2610 742 2672 cuius
762 2609 970 2671 beatitudiuem

373 2707 506 2769 Remotis
525 2709 794 2770 obumbrationibus
813 2707 974 2768 eumalium

373 2805 441 2867 VD.
461 2806 522 2881 Qui
542 2825 610 2868 cum
630 2807 780 2886 unigenito
799 2806 875 2868 Filio

372 2903 522 2965 Laetiticet
540 2923 596 2966 nos
616 2925 644 2985 q.
665 2905 741 2966 Dne.
761 2904 846 2965 huius
866 2905 1038 2965 sacramenti

354 3002 503 3064 *Fnciesia
519 3013 572 3065 tua
591 3003 666 3065 Dne.
686 3003 801 3065 caelesti
821 3005 913 3082 gratis

529 3150 614 3238 [Kot
634 3152 701 3215 Iton.
719 3151 868 3216 Dedr'catt’o
887 3151 920 3214 S.
940 3151 1107 3215 Nicomedis.
1390 3167 1465 3219 Getis
1477 3182 1522 3232 pp.

373 3262 412 3323 D.
433 3264 484 3344 qui
503 3282 560 3325 nos
578 3265 609 3325 b.
629 3262 800 3327 Nicomedis
1391 3245 1511 3297 ¹³¹’¹³²

374 3362 500 3423 Munera
513 3361 589 3425 Due.
603 3362 702 3424 oblata
715 3362 861 3425 sanctifion
874 3371 904 3423 et
917 3361 1114 3423 intercedente
1127 3361 1157 3422 b.
1171 3359 1334 3423 Nicomede

375 3459 527 3540 Supplices
547 3471 576 3520 te
596 3477 734 3538 rogamus
753 3477 781 3521 o
802 3458 839 3520 D.
861 3469 892 3520 ut
912 3477 989 3538 quos
1009 3456 1079 3542 tuis]

443 3606 487 3693 [io
507 3609 584 3672 Non.
604 3607 672 3670 Iun.
691 3607 765 3669 Not.
786 3607 843 3670 SS.
864 3607 1037 3669 Marcelltiu‘
1052 3615 1080 3668 et
1097 3609 1190 3670 Petri.

355 3724 509 3785 *Laetetur
528 3724 649 3785 ecclesis
669 3734 719 3784 tua
737 3722 777 3784 D.
797 3724 951 3784 beatorum
971 3735 1131 3803 martyrum

355 3822 480 3884 *Votiva
499 3821 575 3883 Dne.
595 3840 717 3884 munera
737 3821 898 3884 deserentes

356 3921 440 3981 ΝΒ.
462 3921 673 4000 Cognoscimus
692 3920 773 3982 enim

358 4019 416 4094 oQ.
436 4018 513 4079 Dne.
533 4030 564 4080 ut
584 4019 757 4081 salutaribus
776 4019 877 4097 repleti

358 4118 620 4180 *Interoedentibus
640 4118 746 4179 sancus
766 4119 822 4179 tuis
841 4117 918 4177 Dne.
938 4117 1016 4198 plebi
1036 4113 1118 4200 tuae]

621 4269 712 4330 Hedd.
732 4271 760 4329 ἐπ’
772 4275 838 4349 port
854 4269 1036 4330 Pentecosten.

378 4384 417 4447 D.
437 4387 467 4445 in
486 4395 515 4446 te
535 4386 711 4464 sperantium

378 4485 417 4545 D.
437 4481 535 4567 spei(?)
555 4484 671 4547 luminis
690 4485 837 4547 sincerum
858 4481 925 4570 (sic)

380 4584 501 4644 Hostias
521 4594 634 4644 nostras

380 4682 448 4744 VD.
468 4683 527 4756 Qui
546 4682 684 4745 ecciesiae
705 4694 772 4745 tuae
794 4683 869 4745 tilios

379 4781 486 4843 Tantis
504 4779 579 4841 Dne
600 4781 699 4859 repleti
719 4784 889 4843 muneribus

380 4878 494 4940 Fideles
514 4888 580 4940 tuos
598 4879 675 4940 une.
695 4880 860 4943 benedictio
881 4880 1041 4943 desiderata

311 5060 920 5128 ¹Tunispermpssoeiuenullyoniuedinu
956 5063 1371 5130 Itisreferredtoinumarginsi

277 5127 564 5194 notebyelaterbnnd.
998 5135 1001 5141 '
