<?xml version="1.0" encoding="UTF-8"?>
<!DOCTYPE html PUBLIC "-//W3C//DTD XHTML 1.0 Transitional//EN"
    "http://www.w3.org/TR/xhtml1/DTD/xhtml1-transitional.dtd">
<html xmlns="http://www.w3.org/1999/xhtml" xml:lang="en" lang="en">
 <head>
  <title>
</title>
<meta http-equiv="Content-Type" content="text/html;charset=utf-8" />
  <meta name='ocr-system' content='tesseract 3.04.00' />
  <meta name='ocr-capabilities' content='ocr_page ocr_carea ocr_par ocr_line ocrx_word'/>
</head>
<body>
  <div class='ocr_page' id='page_1' title='image "./gelasiansacrame00wilsgoog_0362.png"; bbox 0 0 3352 5828; ppageno 0'>
   <div class='ocr_carea' id='block_1_1' title="bbox 264 811 1361 900">
    <p class='ocr_par' dir='ltr' id='par_1_1' title="bbox 264 811 1361 900">
     <span class='ocr_line' id='line_1_1' title="bbox 264 811 1361 900; baseline 0.005 -27"><span class='ocrx_word' id='word_1_1' title='bbox 264 822 312 876; x_wconf 88' lang='lat'>111.</span> <span class='ocrx_word' id='word_1_2' title='bbox 324 819 379 889; x_wconf 69' lang='lat' dir='ltr'>rm]</span> <span class='ocrx_word' id='word_1_3' title='bbox 575 819 790 879; x_wconf 75' lang='lat' dir='ltr'><em>ROMANAE</em></span> <span class='ocrx_word' id='word_1_4' title='bbox 810 821 1056 881; x_wconf 75' lang='lat' dir='ltr'>EchEslAE.</span> <span class='ocrx_word' id='word_1_5' title='bbox 1298 811 1361 900; x_wconf 81' lang='lat'>269</span> 
     </span>
    </p>
   </div>
   <div class='ocr_carea' id='block_1_2' title="bbox 738 997 884 1056">
    <p class='ocr_par' dir='ltr' id='par_1_2' title="bbox 738 997 884 1056">
     <span class='ocr_line' id='line_1_2' title="bbox 738 997 884 1056; baseline -0.014 0"><span class='ocrx_word' id='word_1_6' title='bbox 738 997 884 1056; x_wconf 68' lang='lat' dir='ltr'>Secreta.</span> 
     </span>
    </p>
   </div>
   <div class='ocr_carea' id='block_1_3' title="bbox 265 1109 1362 1508">
    <p class='ocr_par' dir='ltr' id='par_1_3' title="bbox 265 1109 1362 1508">
     <span class='ocr_line' id='line_1_3' title="bbox 307 1109 1361 1196; baseline 0.002 -20"><span class='ocrx_word' id='word_1_7' title='bbox 307 1111 449 1187; x_wconf 86' lang='lat' dir='ltr'><strong>Adesto,</strong></span> <span class='ocrx_word' id='word_1_8' title='bbox 468 1110 621 1189; x_wconf 82' lang='lat' dir='ltr'>Domine,</span> <span class='ocrx_word' id='word_1_9' title='bbox 637 1109 935 1196; x_wconf 87' lang='lat' dir='ltr'>supplicationibus</span> <span class='ocrx_word' id='word_1_10' title='bbox 958 1112 1087 1190; x_wconf 89' lang='lat' dir='ltr'>nostris,</span> <span class='ocrx_word' id='word_1_11' title='bbox 1105 1120 1140 1179; x_wconf 90' lang='lat' dir='ltr'>et</span> <span class='ocrx_word' id='word_1_12' title='bbox 1161 1112 1247 1178; x_wconf 89' lang='lat' dir='ltr'>banc</span> <span class='ocrx_word' id='word_1_13' title='bbox 1269 1111 1361 1178; x_wconf 89' lang='lat' dir='ltr'>obla·</span> 
     </span>
     <span class='ocr_line' id='line_1_4' title="bbox 266 1214 1362 1300; baseline 0.001 -20"><span class='ocrx_word' id='word_1_14' title='bbox 266 1215 392 1281; x_wconf 90' lang='lat' dir='ltr'>tionem</span> <span class='ocrx_word' id='word_1_15' title='bbox 407 1214 520 1281; x_wconf 86' lang='lat' dir='ltr'>samull</span> <span class='ocrx_word' id='word_1_16' title='bbox 542 1216 590 1282; x_wconf 90' lang='lat' dir='ltr'>tui</span> <span class='ocrx_word' id='word_1_17' title='bbox 612 1215 718 1296; x_wconf 83' lang='lat' dir='ltr'>Illius,</span> <span class='ocrx_word' id='word_1_18' title='bbox 733 1235 834 1300; x_wconf 91' lang='lat' dir='ltr'>quam</span> <span class='ocrx_word' id='word_1_19' title='bbox 857 1214 920 1282; x_wconf 90' lang='lat' dir='ltr'>tibi</span> <span class='ocrx_word' id='word_1_20' title='bbox 943 1214 1040 1283; x_wconf 84' lang='lat' dir='ltr'>offert</span> <span class='ocrx_word' id='word_1_21' title='bbox 1062 1216 1107 1281; x_wconf 95' lang='lat' dir='ltr'>ob</span> <span class='ocrx_word' id='word_1_22' title='bbox 1129 1217 1218 1283; x_wconf 90' lang='lat' dir='ltr'>diem</span> <span class='ocrx_word' id='word_1_23' title='bbox 1242 1216 1362 1284; x_wconf 90' lang='lat' dir='ltr'>natalis</span> 
     </span>
     <span class='ocr_line' id='line_1_5' title="bbox 265 1320 1362 1405; baseline 0.001 -19"><span class='ocrx_word' id='word_1_24' title='bbox 265 1321 519 1404; x_wconf 80' lang='lat' dir='ltr'>sui&#39;g&#39;enuinum,</span> <span class='ocrx_word' id='word_1_25' title='bbox 534 1341 602 1405; x_wconf 91' lang='lat' dir='ltr'>quo</span> <span class='ocrx_word' id='word_1_26' title='bbox 616 1320 671 1386; x_wconf 89' lang='lat' dir='ltr'>die</span> <span class='ocrx_word' id='word_1_27' title='bbox 685 1320 784 1384; x_wconf 72' lang='lat' dir='ltr'>eum⁰</span> <span class='ocrx_word' id='word_1_28' title='bbox 799 1321 842 1385; x_wconf 89' lang='lat' dir='ltr'>de</span> <span class='ocrx_word' id='word_1_29' title='bbox 857 1322 1015 1386; x_wconf 84' lang='lat' dir='ltr'>maternis</span> <span class='ocrx_word' id='word_1_30' title='bbox 1030 1321 1207 1387; x_wconf 89' lang='lat' dir='ltr'>visceribus</span> <span class='ocrx_word' id='word_1_31' title='bbox 1226 1320 1259 1387; x_wconf 93' lang='lat' dir='ltr'>in</span> <span class='ocrx_word' id='word_1_32' title='bbox 1275 1322 1362 1387; x_wconf 89' lang='lat' dir='ltr'>bunc</span> 
     </span>
     <span class='ocr_line' id='line_1_6' title="bbox 267 1423 1347 1508; baseline -0.001 -19"><span class='ocrx_word' id='word_1_33' title='bbox 267 1424 428 1489; x_wconf 91' lang='lat' dir='ltr'>mundum</span> <span class='ocrx_word' id='word_1_34' title='bbox 443 1425 531 1488; x_wconf 85' lang='lat' dir='ltr'>nasci</span> <span class='ocrx_word' id='word_1_35' title='bbox 547 1423 678 1503; x_wconf 85' lang='lat' dir='ltr'>iussisti,</span> <span class='ocrx_word' id='word_1_36' title='bbox 693 1423 843 1507; x_wconf 90' lang='lat' dir='ltr'>placidus</span> <span class='ocrx_word' id='word_1_37' title='bbox 856 1444 896 1488; x_wconf 89' lang='lat' dir='ltr'>ac</span> <span class='ocrx_word' id='word_1_38' title='bbox 911 1425 1074 1508; x_wconf 90' lang='lat' dir='ltr'>benignus</span> <span class='ocrx_word' id='word_1_39' title='bbox 1088 1445 1229 1490; x_wconf 80' lang='lat' dir='ltr'>assume.</span> <span class='ocrx_word' id='word_1_40' title='bbox 1274 1424 1347 1490; x_wconf 88' lang='lat' dir='ltr'>Per.</span> 
     </span>
    </p>
   </div>
   <div class='ocr_carea' id='block_1_4' title="bbox 665 1567 960 1628">
    <p class='ocr_par' dir='ltr' id='par_1_4' title="bbox 665 1567 960 1628">
     <span class='ocr_line' id='line_1_7' title="bbox 665 1567 960 1628; baseline -0.003 0"><span class='ocrx_word' id='word_1_41' title='bbox 665 1567 762 1628; x_wconf 78' lang='lat' dir='ltr'>Intra</span> <span class='ocrx_word' id='word_1_42' title='bbox 783 1568 960 1628; x_wconf 76' lang='lat' dir='ltr'>sotionem</span> 
     </span>
    </p>
   </div>
   <div class='ocr_carea' id='block_1_5' title="bbox 267 1681 1366 2685">
    <p class='ocr_par' dir='ltr' id='par_1_5' title="bbox 267 1681 1366 2685">
     <span class='ocr_line' id='line_1_8' title="bbox 312 1681 1362 1769; baseline 0.001 -22"><span class='ocrx_word' id='word_1_43' title='bbox 312 1682 409 1750; x_wconf 90' lang='lat' dir='ltr'>Hanc</span> <span class='ocrx_word' id='word_1_44' title='bbox 425 1683 524 1768; x_wconf 90' lang='lat' dir='ltr'>igitur</span> <span class='ocrx_word' id='word_1_45' title='bbox 538 1681 753 1763; x_wconf 86' lang='lat' dir='ltr'>oblationem,</span> <span class='ocrx_word' id='word_1_46' title='bbox 769 1683 923 1761; x_wconf 88' lang='lat' dir='ltr'>Domine,</span> <span class='ocrx_word' id='word_1_47' title='bbox 940 1682 1056 1749; x_wconf 83' lang='lat' dir='ltr'>famuli</span> <span class='ocrx_word' id='word_1_48' title='bbox 1071 1683 1120 1750; x_wconf 90' lang='lat' dir='ltr'>tui</span> <span class='ocrx_word' id='word_1_49' title='bbox 1138 1681 1245 1762; x_wconf 82' lang='lat' dir='ltr'>Illius,</span> <span class='ocrx_word' id='word_1_50' title='bbox 1261 1702 1362 1769; x_wconf 89' lang='lat' dir='ltr'>quam</span> 
     </span>
     <span class='ocr_line' id='line_1_9' title="bbox 268 1785 1364 1872; baseline -0.001 -20"><span class='ocrx_word' id='word_1_51' title='bbox 268 1787 330 1853; x_wconf 91' lang='lat' dir='ltr'>tibi</span> <span class='ocrx_word' id='word_1_52' title='bbox 352 1787 448 1853; x_wconf 83' lang='lat' dir='ltr'>offert</span> <span class='ocrx_word' id='word_1_53' title='bbox 471 1785 535 1852; x_wconf 81' lang='lat' dir='ltr'>ob⁷</span> <span class='ocrx_word' id='word_1_54' title='bbox 552 1787 640 1853; x_wconf 91' lang='lat' dir='ltr'>diem</span> <span class='ocrx_word' id='word_1_55' title='bbox 663 1787 781 1854; x_wconf 85' lang='lat' dir='ltr'>natalis</span> <span class='ocrx_word' id='word_1_56' title='bbox 806 1786 879 1852; x_wconf 84' lang='lat' dir='ltr'>sui⁸</span> <span class='ocrx_word' id='word_1_57' title='bbox 899 1787 1069 1853; x_wconf 88' lang='lat' dir='ltr'>celebrans</span> <span class='ocrx_word' id='word_1_58' title='bbox 1091 1788 1281 1872; x_wconf 86' lang='lat' dir='ltr'>genuinum,</span> <span class='ocrx_word' id='word_1_59' title='bbox 1295 1808 1364 1871; x_wconf 91' lang='lat' dir='ltr'>quo</span> 
     </span>
     <span class='ocr_line' id='line_1_10' title="bbox 267 1891 1362 1959; baseline -0.001 -3"><span class='ocrx_word' id='word_1_60' title='bbox 267 1892 322 1956; x_wconf 90' lang='lat' dir='ltr'>die</span> <span class='ocrx_word' id='word_1_61' title='bbox 348 1891 446 1956; x_wconf 74' lang='lat' dir='ltr'>eum⁰</span> <span class='ocrx_word' id='word_1_62' title='bbox 472 1891 515 1957; x_wconf 90' lang='lat' dir='ltr'>de</span> <span class='ocrx_word' id='word_1_63' title='bbox 538 1892 695 1957; x_wconf 84' lang='lat' dir='ltr'>maternis</span> <span class='ocrx_word' id='word_1_64' title='bbox 718 1892 896 1959; x_wconf 88' lang='lat' dir='ltr'>visceribus</span> <span class='ocrx_word' id='word_1_65' title='bbox 918 1892 952 1956; x_wconf 94' lang='lat' dir='ltr'>in</span> <span class='ocrx_word' id='word_1_66' title='bbox 975 1891 1062 1958; x_wconf 91' lang='lat' dir='ltr'>hunc</span> <span class='ocrx_word' id='word_1_67' title='bbox 1086 1892 1248 1958; x_wconf 88' lang='lat' dir='ltr'>mundum</span> <span class='ocrx_word' id='word_1_68' title='bbox 1272 1893 1362 1958; x_wconf 88' lang='lat' dir='ltr'>nasci</span> 
     </span>
     <span class='ocr_line' id='line_1_11' title="bbox 268 1994 1361 2082; baseline 0.003 -23"><span class='ocrx_word' id='word_1_69' title='bbox 268 1996 398 2074; x_wconf 84' lang='lat' dir='ltr'>iussisti,</span> <span class='ocrx_word' id='word_1_70' title='bbox 414 1994 457 2061; x_wconf 90' lang='lat' dir='ltr'>ad</span> <span class='ocrx_word' id='word_1_71' title='bbox 482 2005 514 2061; x_wconf 90' lang='lat' dir='ltr'>te</span> <span class='ocrx_word' id='word_1_72' title='bbox 535 1995 802 2081; x_wconf 89' lang='lat' dir='ltr'>cognoscendum</span> <span class='ocrx_word' id='word_1_73' title='bbox 828 1997 939 2061; x_wconf 93' lang='lat' dir='ltr'>Deum</span> <span class='ocrx_word' id='word_1_74' title='bbox 960 2017 1075 2062; x_wconf 90' lang='lat' dir='ltr'>verum</span> <span class='ocrx_word' id='word_1_75' title='bbox 1098 2004 1132 2062; x_wconf 90' lang='lat' dir='ltr'>et</span> <span class='ocrx_word' id='word_1_76' title='bbox 1151 1998 1272 2073; x_wconf 86' lang='lat' dir='ltr'>vivum,</span> <span class='ocrx_word' id='word_1_77' title='bbox 1292 1996 1361 2082; x_wconf 88' lang='lat' dir='ltr'>pla·</span> 
     </span>
     <span class='ocr_line' id='line_1_12' title="bbox 268 2099 1364 2185; baseline 0.001 -20"><span class='ocrx_word' id='word_1_78' title='bbox 268 2111 361 2165; x_wconf 88' lang='lat' dir='ltr'>catus</span> <span class='ocrx_word' id='word_1_79' title='bbox 375 2099 534 2184; x_wconf 87' lang='lat' dir='ltr'>suscipias</span> <span class='ocrx_word' id='word_1_80' title='bbox 549 2102 783 2184; x_wconf 86' lang='lat' dir='ltr'>deprecamur:</span> <span class='ocrx_word' id='word_1_81' title='bbox 807 2100 852 2165; x_wconf 94' lang='lat' dir='ltr'>ob</span> <span class='ocrx_word' id='word_1_82' title='bbox 875 2099 939 2166; x_wconf 90' lang='lat' dir='ltr'>hoc</span> <span class='ocrx_word' id='word_1_83' title='bbox 961 2101 1062 2185; x_wconf 88' lang='lat' dir='ltr'>igitur</span> <span class='ocrx_word' id='word_1_84' title='bbox 1085 2100 1193 2166; x_wconf 88' lang='lat' dir='ltr'>reddit</span> <span class='ocrx_word' id='word_1_85' title='bbox 1208 2100 1269 2166; x_wconf 91' lang='lat' dir='ltr'>tibi</span> <span class='ocrx_word' id='word_1_86' title='bbox 1284 2111 1364 2166; x_wconf 89' lang='lat' dir='ltr'>vota</span> 
     </span>
     <span class='ocr_line' id='line_1_13' title="bbox 268 2203 1364 2288; baseline 0 -19"><span class='ocrx_word' id='word_1_87' title='bbox 268 2222 329 2269; x_wconf 89' lang='lat' dir='ltr'>sua</span> <span class='ocrx_word' id='word_1_88' title='bbox 355 2203 430 2269; x_wconf 92' lang='lat' dir='ltr'>Deo</span> <span class='ocrx_word' id='word_1_89' title='bbox 451 2203 528 2268; x_wconf 85' lang='lat' dir='ltr'>vivo</span> <span class='ocrx_word' id='word_1_90' title='bbox 553 2213 588 2268; x_wconf 89' lang='lat' dir='ltr'>et</span> <span class='ocrx_word' id='word_1_91' title='bbox 610 2222 707 2268; x_wconf 89' lang='lat' dir='ltr'>vero:</span> <span class='ocrx_word' id='word_1_92' title='bbox 740 2223 801 2287; x_wconf 88' lang='lat' dir='ltr'>pro</span> <span class='ocrx_word' id='word_1_93' title='bbox 823 2224 890 2288; x_wconf 91' lang='lat' dir='ltr'>quo</span> <span class='ocrx_word' id='word_1_94' title='bbox 913 2205 1079 2271; x_wconf 86' lang='lat' dir='ltr'>maiestati</span> <span class='ocrx_word' id='word_1_95' title='bbox 1101 2215 1179 2270; x_wconf 91' lang='lat' dir='ltr'>tuae</span> <span class='ocrx_word' id='word_1_96' title='bbox 1200 2204 1364 2288; x_wconf 88' lang='lat' dir='ltr'>supplices</span> 
     </span>
     <span class='ocr_line' id='line_1_14' title="bbox 268 2307 1364 2392; baseline -0.001 -19"><span class='ocrx_word' id='word_1_97' title='bbox 268 2307 438 2373; x_wconf 83' lang='lat' dir='ltr'>fundimus</span> <span class='ocrx_word' id='word_1_98' title='bbox 456 2327 579 2392; x_wconf 87' lang='lat' dir='ltr'>preces,</span> <span class='ocrx_word' id='word_1_99' title='bbox 594 2317 631 2371; x_wconf 90' lang='lat' dir='ltr'>ut</span> <span class='ocrx_word' id='word_1_100' title='bbox 653 2307 788 2372; x_wconf 89' lang='lat' dir='ltr'>adiicias</span> <span class='ocrx_word' id='word_1_101' title='bbox 811 2308 840 2371; x_wconf 93' lang='lat' dir='ltr'>ei</span> <span class='ocrx_word' id='word_1_102' title='bbox 861 2327 966 2373; x_wconf 90' lang='lat' dir='ltr'>annos</span> <span class='ocrx_word' id='word_1_103' title='bbox 987 2318 1021 2373; x_wconf 92' lang='lat' dir='ltr'>et</span> <span class='ocrx_word' id='word_1_104' title='bbox 1042 2317 1194 2391; x_wconf 88' lang='lat' dir='ltr'>tempora</span> <span class='ocrx_word' id='word_1_105' title='bbox 1210 2309 1310 2388; x_wconf 84' lang='lat' dir='ltr'>vitae,</span> <span class='ocrx_word' id='word_1_106' title='bbox 1327 2316 1364 2372; x_wconf 91' lang='lat' dir='ltr'>ut</span> 
     </span>
     <span class='ocr_line' id='line_1_15' title="bbox 269 2409 1366 2497; baseline 0 -22"><span class='ocrx_word' id='word_1_107' title='bbox 269 2431 329 2497; x_wconf 90' lang='lat' dir='ltr'>per</span> <span class='ocrx_word' id='word_1_108' title='bbox 354 2411 460 2476; x_wconf 87' lang='lat' dir='ltr'>multa</span> <span class='ocrx_word' id='word_1_109' title='bbox 484 2409 646 2477; x_wconf 90' lang='lat' dir='ltr'>curricula</span> <span class='ocrx_word' id='word_1_110' title='bbox 671 2431 832 2476; x_wconf 89' lang='lat' dir='ltr'>annorum</span> <span class='ocrx_word' id='word_1_111' title='bbox 862 2409 969 2476; x_wconf 85' lang='lat' dir='ltr'>laetus</span> <span class='ocrx_word' id='word_1_112' title='bbox 998 2411 1060 2476; x_wconf 89' lang='lat' dir='ltr'>tibi</span> <span class='ocrx_word' id='word_1_113' title='bbox 1089 2411 1170 2478; x_wconf 85' lang='lat' dir='ltr'>haec</span> <span class='ocrx_word' id='word_1_114' title='bbox 1203 2431 1262 2477; x_wconf 89' lang='lat' dir='ltr'>sua</span> <span class='ocrx_word' id='word_1_115' title='bbox 1287 2422 1366 2476; x_wconf 86' lang='lat' dir='ltr'>vota</span> 
     </span>
     <span class='ocr_line' id='line_1_16' title="bbox 271 2515 1366 2600; baseline 0 -20"><span class='ocrx_word' id='word_1_116' title='bbox 271 2515 447 2600; x_wconf 89' lang='lat' dir='ltr'>persolvat,</span> <span class='ocrx_word' id='word_1_117' title='bbox 472 2524 573 2599; x_wconf 90' lang='lat' dir='ltr'>atque</span> <span class='ocrx_word' id='word_1_118' title='bbox 599 2515 643 2580; x_wconf 89' lang='lat' dir='ltr'>ad</span> <span class='ocrx_word' id='word_1_119' title='bbox 665 2523 816 2600; x_wconf 87' lang='lat' dir='ltr'>optatam</span> <span class='ocrx_word' id='word_1_120' title='bbox 843 2516 1014 2599; x_wconf 89' lang='lat' dir='ltr'>perveniat</span> <span class='ocrx_word' id='word_1_121' title='bbox 1036 2525 1247 2594; x_wconf 86' lang='lat' dir='ltr'>senectutem,</span> <span class='ocrx_word' id='word_1_122' title='bbox 1272 2525 1306 2581; x_wconf 93' lang='lat' dir='ltr'>et</span> <span class='ocrx_word' id='word_1_123' title='bbox 1331 2524 1366 2581; x_wconf 92' lang='lat' dir='ltr'>te</span> 
     </span>
     <span class='ocr_line' id='line_1_17' title="bbox 272 2617 1076 2685; baseline 0 0"><span class='ocrx_word' id='word_1_124' title='bbox 272 2619 449 2685; x_wconf 87' lang='lat' dir='ltr'>benedicat</span> <span class='ocrx_word' id='word_1_125' title='bbox 464 2619 621 2684; x_wconf 91' lang='lat' dir='ltr'>omnibus</span> <span class='ocrx_word' id='word_1_126' title='bbox 635 2617 753 2684; x_wconf 91' lang='lat' dir='ltr'>diebus</span> <span class='ocrx_word' id='word_1_127' title='bbox 767 2619 855 2685; x_wconf 89' lang='lat' dir='ltr'>vitae</span> <span class='ocrx_word' id='word_1_128' title='bbox 869 2638 959 2684; x_wconf 89' lang='lat' dir='ltr'>suae.</span> <span class='ocrx_word' id='word_1_129' title='bbox 1005 2618 1076 2685; x_wconf 90' lang='lat' dir='ltr'>Per.</span> 
     </span>
    </p>
   </div>
   <div class='ocr_carea' id='block_1_6' title="bbox 696 2765 948 2837">
    <p class='ocr_par' dir='ltr' id='par_1_6' title="bbox 696 2765 948 2837">
     <span class='ocr_line' id='line_1_18' title="bbox 696 2765 948 2837; baseline -0.004 -16"><span class='ocrx_word' id='word_1_130' title='bbox 696 2765 948 2837; x_wconf 73' lang='lat' dir='ltr'>Postoommun.</span> 
     </span>
    </p>
   </div>
   <div class='ocr_carea' id='block_1_7' title="bbox 202 2875 1369 3479">
    <p class='ocr_par' dir='ltr' id='par_1_7' title="bbox 273 2875 1368 3274">
     <span class='ocr_line' id='line_1_19' title="bbox 318 2875 1367 2961; baseline -0.003 -17"><span class='ocrx_word' id='word_1_131' title='bbox 318 2878 420 2957; x_wconf 88' lang='lat' dir='ltr'>Deus,</span> <span class='ocrx_word' id='word_1_132' title='bbox 434 2877 504 2943; x_wconf 87' lang='lat' dir='ltr'>vita</span> <span class='ocrx_word' id='word_1_133' title='bbox 522 2875 680 2954; x_wconf 87' lang='lat' dir='ltr'>fidelium,</span> <span class='ocrx_word' id='word_1_134' title='bbox 697 2879 886 2944; x_wconf 87' lang='lat' dir='ltr'>timentium</span> <span class='ocrx_word' id='word_1_135' title='bbox 904 2889 939 2943; x_wconf 89' lang='lat' dir='ltr'>te</span> <span class='ocrx_word' id='word_1_136' title='bbox 959 2876 1104 2944; x_wconf 85' lang='lat' dir='ltr'>salvator</span> <span class='ocrx_word' id='word_1_137' title='bbox 1123 2886 1158 2943; x_wconf 90' lang='lat' dir='ltr'>et</span> <span class='ocrx_word' id='word_1_138' title='bbox 1177 2887 1294 2957; x_wconf 88' lang='lat' dir='ltr'>custos,</span> <span class='ocrx_word' id='word_1_139' title='bbox 1309 2877 1367 2961; x_wconf 91' lang='lat' dir='ltr'>qui</span> 
     </span>
     <span class='ocr_line' id='line_1_20' title="bbox 273 2979 1368 3066; baseline -0.003 -18"><span class='ocrx_word' id='word_1_140' title='bbox 273 2981 431 3048; x_wconf 81' lang='lat' dir='ltr'>famulum</span> <span class='ocrx_word' id='word_1_141' title='bbox 461 2992 556 3047; x_wconf 90' lang='lat' dir='ltr'>tuum</span> <span class='ocrx_word' id='word_1_142' title='bbox 586 2979 687 3045; x_wconf 85' lang='lat' dir='ltr'>Illum</span> <span class='ocrx_word' id='word_1_143' title='bbox 716 2982 760 3047; x_wconf 93' lang='lat' dir='ltr'>ad</span> <span class='ocrx_word' id='word_1_144' title='bbox 785 2981 869 3047; x_wconf 87' lang='lat' dir='ltr'>hanc</span> <span class='ocrx_word' id='word_1_145' title='bbox 891 2981 981 3047; x_wconf 91' lang='lat' dir='ltr'>diem</span> <span class='ocrx_word' id='word_1_146' title='bbox 1007 2982 1127 3048; x_wconf 89' lang='lat' dir='ltr'>natalis</span> <span class='ocrx_word' id='word_1_147' title='bbox 1151 2982 1201 3046; x_wconf 92' lang='lat' dir='ltr'>sui</span> <span class='ocrx_word' id='word_1_148' title='bbox 1226 2981 1368 3066; x_wconf 84' lang='lat' dir='ltr'>genuini,</span> 
     </span>
     <span class='ocr_line' id='line_1_21' title="bbox 274 3085 1368 3169; baseline -0.001 -18"><span class='ocrx_word' id='word_1_149' title='bbox 274 3095 410 3151; x_wconf 85' lang='lat' dir='ltr'>exemto</span> <span class='ocrx_word' id='word_1_150' title='bbox 432 3103 527 3163; x_wconf 89' lang='lat' dir='ltr'>anno,</span> <span class='ocrx_word' id='word_1_151' title='bbox 550 3085 730 3168; x_wconf 90' lang='lat' dir='ltr'>perducere</span> <span class='ocrx_word' id='word_1_152' title='bbox 755 3085 911 3169; x_wconf 89' lang='lat' dir='ltr'>dignatus</span> <span class='ocrx_word' id='word_1_153' title='bbox 933 3104 978 3164; x_wconf 88' lang='lat' dir='ltr'>es,</span> <span class='ocrx_word' id='word_1_154' title='bbox 999 3086 1139 3168; x_wconf 82' lang='lat' dir='ltr'>gratiam</span> <span class='ocrx_word' id='word_1_155' title='bbox 1164 3085 1196 3148; x_wconf 90' lang='lat' dir='ltr'>in</span> <span class='ocrx_word' id='word_1_156' title='bbox 1219 3104 1259 3150; x_wconf 83' lang='lat' dir='ltr'>eo</span> <span class='ocrx_word' id='word_1_157' title='bbox 1279 3085 1368 3150; x_wconf 86' lang='lat' dir='ltr'>vitae</span> 
     </span>
     <span class='ocr_line' id='line_1_22' title="bbox 274 3188 1368 3274; baseline 0 -22"><span class='ocrx_word' id='word_1_158' title='bbox 274 3188 471 3274; x_wconf 91' lang='lat' dir='ltr'>protectoris</span> <span class='ocrx_word' id='word_1_159' title='bbox 493 3195 681 3270; x_wconf 87' lang='lat' dir='ltr'>augmenta,</span> <span class='ocrx_word' id='word_1_160' title='bbox 703 3196 737 3252; x_wconf 89' lang='lat' dir='ltr'>et</span> <span class='ocrx_word' id='word_1_161' title='bbox 759 3188 829 3253; x_wconf 91' lang='lat' dir='ltr'>dics</span> <span class='ocrx_word' id='word_1_162' title='bbox 852 3188 923 3253; x_wconf 90' lang='lat' dir='ltr'>eius</span> <span class='ocrx_word' id='word_1_163' title='bbox 947 3207 1109 3252; x_wconf 88' lang='lat' dir='ltr'>annorum</span> <span class='ocrx_word' id='word_1_164' title='bbox 1132 3188 1368 3253; x_wconf 87' lang='lat' dir='ltr'>numerositate</span> 
     </span>
    </p>

    <p class='ocr_par' dir='ltr' id='par_1_8' title="bbox 202 3288 1369 3479">
     <span class='ocr_line' id='line_1_23' title="bbox 202 3288 1369 3376; baseline 0.003 -24"><span class='ocrx_word' id='word_1_165' title='bbox 202 3296 260 3352; x_wconf 81' lang='lat'>⁷25</span> <span class='ocrx_word' id='word_1_166' title='bbox 277 3290 469 3376; x_wconf 87' lang='lat' dir='ltr'>multiplica,</span> <span class='ocrx_word' id='word_1_167' title='bbox 485 3322 497 3346; x_wconf 87' lang='lat'><strong>·</strong></span> <span class='ocrx_word' id='word_1_168' title='bbox 514 3301 551 3356; x_wconf 90' lang='lat' dir='ltr'>ut</span> <span class='ocrx_word' id='word_1_169' title='bbox 567 3300 601 3355; x_wconf 89' lang='lat' dir='ltr'>te</span> <span class='ocrx_word' id='word_1_170' title='bbox 616 3299 791 3366; x_wconf 86' lang='lat' dir='ltr'>annuente,</span> <span class='ocrx_word' id='word_1_171' title='bbox 807 3311 866 3374; x_wconf 91' lang='lat' dir='ltr'>per</span> <span class='ocrx_word' id='word_1_172' title='bbox 879 3288 1009 3356; x_wconf 78' lang='lat' dir='ltr'>felicem</span> <span class='ocrx_word' id='word_1_173' title='bbox 1024 3299 1198 3375; x_wconf 87' lang='lat' dir='ltr'>provectus</span> <span class='ocrx_word' id='word_1_174' title='bbox 1212 3300 1369 3369; x_wconf 87' lang='lat' dir='ltr'>aetatem,</span> 
     </span>
     <span class='ocr_line' id='line_1_24' title="bbox 273 3393 1368 3479; baseline -0.001 -19"><span class='ocrx_word' id='word_1_175' title='bbox 273 3395 317 3461; x_wconf 92' lang='lat' dir='ltr'>ad</span> <span class='ocrx_word' id='word_1_176' title='bbox 332 3396 553 3479; x_wconf 87' lang='lat' dir='ltr'>principatum</span> <span class='ocrx_word' id='word_1_177' title='bbox 576 3393 768 3460; x_wconf 88' lang='lat' dir='ltr'>caelestium</span> <span class='ocrx_word' id='word_1_178' title='bbox 790 3394 986 3478; x_wconf 82' lang='lat' dir='ltr'>gaudiorum</span> <span class='ocrx_word' id='word_1_179' title='bbox 1005 3394 1174 3479; x_wconf 86' lang='lat' dir='ltr'>pervenire</span> <span class='ocrx_word' id='word_1_180' title='bbox 1196 3404 1368 3459; x_wconf 89' lang='lat' dir='ltr'>mereatur.</span> 
     </span>
    </p>
   </div>
   <div class='ocr_carea' id='block_1_8' title="bbox 273 3498 345 3564">
    <p class='ocr_par' dir='ltr' id='par_1_9' title="bbox 273 3498 345 3564">
     <span class='ocr_line' id='line_1_25' title="bbox 273 3498 345 3564; baseline 0 -1"><span class='ocrx_word' id='word_1_181' title='bbox 273 3498 345 3564; x_wconf 89' lang='lat' dir='ltr'>Per.</span> 
     </span>
    </p>
   </div>
   <div class='ocr_carea' id='block_1_9' title="bbox 268 3615 1013 3880">
    <p class='ocr_par' dir='ltr' id='par_1_10' title="bbox 268 3615 1013 3880">
     <span class='ocr_line' id='line_1_26' title="bbox 305 3615 954 3744; baseline -0.002 -77.948"><span class='ocrx_word' id='word_1_182' title='bbox 305 3615 360 3666; x_wconf 77' lang='lat' dir='ltr'>¹s&#39;n</span> <span class='ocrx_word' id='word_1_183' title='bbox 371 3617 417 3666; x_wconf 79' lang='lat' dir='ltr'>Irae</span> <span class='ocrx_word' id='word_1_184' title='bbox 427 3617 489 3676; x_wconf 77' lang='lat' dir='ltr'>vita,</span> <span class='ocrx_word' id='word_1_185' title='bbox 501 3616 598 3679; x_wconf 87' lang='lat' dir='ltr'>soV.(</span> <span class='ocrx_word' id='word_1_186' title='bbox 599 3615 954 3744; x_wconf 42' lang='lat' dir='ltr'>mmmmfldlypm</span> 
     </span>
     <span class='ocr_line' id='line_1_27' title="bbox 271 3617 736 3747; baseline -0.002 -14"><span class='ocrx_word' id='word_1_187' title='bbox 271 3688 350 3733; x_wconf 67' lang='lat' dir='ltr'>arem</span> <span class='ocrx_word' id='word_1_188' title='bbox 361 3682 394 3732; x_wconf 89' lang='lat' dir='ltr'>v.</span> <span class='ocrx_word' id='word_1_189' title='bbox 407 3656 540 3747; x_wconf 56' lang='lat' dir='ltr'>(pullu,</span> <span class='ocrx_word' id='word_1_190' title='bbox 551 3617 601 3732; x_wconf 69' lang='lat' dir='ltr'>abi.</span> <span class='ocrx_word' id='word_1_191' title='bbox 614 3681 653 3731; x_wconf 74' lang='lat' dir='ltr'>ror</span> <span class='ocrx_word' id='word_1_192' title='bbox 664 3683 736 3744; x_wconf 67' lang='lat' dir='ltr'>ace).</span> 
     </span>
     <span class='ocr_line' id='line_1_28' title="bbox 268 3616 1013 3880; baseline -0.003 -83"><span class='ocrx_word' id='word_1_193' title='bbox 268 3748 348 3865; x_wconf 50' lang='lat' dir='ltr'>gem</span> <span class='ocrx_word' id='word_1_194' title='bbox 348 3765 386 3865; x_wconf 59' lang='lat' dir='ltr'>pru</span> <span class='ocrx_word' id='word_1_195' title='bbox 387 3746 634 3880; x_wconf 45' lang='lat' dir='ltr'>131rerrflgrgfpmetrcrlly</span> <span class='ocrx_word' id='word_1_196' title='bbox 640 3746 781 3862; x_wconf 44' lang='lat' dir='ltr'>&#39;&#39;¹1‘’ng</span> <span class='ocrx_word' id='word_1_197' title='bbox 791 3616 954 3798; x_wconf 62' lang='lat' dir='ltr'>medem</span> <span class='ocrx_word' id='word_1_198' title='bbox 873 3754 1013 3810; x_wconf 61' lang='lat' dir='ltr'>agmento.</span> 
     </span>
    </p>
   </div>
   <div class='ocr_carea' id='block_1_10' title="bbox 290 4024 1347 4224">
    <p class='ocr_par' dir='ltr' id='par_1_11' title="bbox 290 4024 1347 4224">
     <span class='ocr_line' id='line_1_29' title="bbox 779 4024 870 4080; baseline 0 0"><span class='ocrx_word' id='word_1_199' title='bbox 779 4024 870 4080; x_wconf 79' lang='lat' dir='ltr'>mv.</span> 
     </span>
     <span class='ocr_line' id='line_1_30' title="bbox 290 4155 1347 4224; baseline -0.006 0"><span class='ocrx_word' id='word_1_200' title='bbox 290 4155 509 4224; x_wconf 77' lang='lat' dir='ltr'>Onnrrouss</span> <span class='ocrx_word' id='word_1_201' title='bbox 532 4169 583 4219; x_wconf 74' lang='lat' dir='ltr'>ro</span> <span class='ocrx_word' id='word_1_202' title='bbox 606 4167 746 4221; x_wconf 72' lang='lat' dir='ltr'>urssnu</span> <span class='ocrx_word' id='word_1_203' title='bbox 771 4167 842 4220; x_wconf 77' lang='lat' dir='ltr'>nno</span> <span class='ocrx_word' id='word_1_204' title='bbox 864 4162 1111 4219; x_wconf 77' lang='lat' dir='ltr'>srsrumnms</span> <span class='ocrx_word' id='word_1_205' title='bbox 1133 4166 1347 4220; x_wconf 79' lang='lat' dir='ltr'>uuusnuu.</span> 
     </span>
    </p>
   </div>
   <div class='ocr_carea' id='block_1_11' title="bbox 227 4291 1371 4897">
    <p class='ocr_par' dir='ltr' id='par_1_12' title="bbox 227 4291 1371 4897">
     <span class='ocr_line' id='line_1_31' title="bbox 227 4291 1371 4377; baseline -0.003 -17"><span class='ocrx_word' id='word_1_206' title='bbox 227 4297 230 4309; x_wconf 92' lang='lat'>&#39;</span> <span class='ocrx_word' id='word_1_207' title='bbox 320 4295 422 4371; x_wconf 90' lang='lat' dir='ltr'>Deus,</span> <span class='ocrx_word' id='word_1_208' title='bbox 448 4294 504 4377; x_wconf 89' lang='lat' dir='ltr'>qui</span> <span class='ocrx_word' id='word_1_209' title='bbox 534 4302 719 4359; x_wconf 89' lang='lat' dir='ltr'>emortuam</span> <span class='ocrx_word' id='word_1_210' title='bbox 744 4292 877 4357; x_wconf 89' lang='lat' dir='ltr'>vulvam</span> <span class='ocrx_word' id='word_1_211' title='bbox 909 4291 1027 4358; x_wconf 89' lang='lat' dir='ltr'>Sarrae</span> <span class='ocrx_word' id='word_1_212' title='bbox 1052 4292 1099 4356; x_wconf 89' lang='lat' dir='ltr'>ita</span> <span class='ocrx_word' id='word_1_213' title='bbox 1129 4311 1188 4375; x_wconf 88' lang='lat' dir='ltr'>per</span> <span class='ocrx_word' id='word_1_214' title='bbox 1211 4291 1371 4358; x_wconf 86' lang='lat' dir='ltr'>Abrahae</span> 
     </span>
     <span class='ocr_line' id='line_1_32' title="bbox 275 4396 1371 4481; baseline -0.002 -17"><span class='ocrx_word' id='word_1_215' title='bbox 275 4418 388 4464; x_wconf 89' lang='lat' dir='ltr'>semen</span> <span class='ocrx_word' id='word_1_216' title='bbox 421 4397 596 4462; x_wconf 84' lang='lat' dir='ltr'>secundare</span> <span class='ocrx_word' id='word_1_217' title='bbox 624 4397 782 4481; x_wconf 90' lang='lat' dir='ltr'>dignatus</span> <span class='ocrx_word' id='word_1_218' title='bbox 811 4418 856 4476; x_wconf 88' lang='lat' dir='ltr'>es,</span> <span class='ocrx_word' id='word_1_219' title='bbox 883 4406 920 4461; x_wconf 92' lang='lat' dir='ltr'>ut</span> <span class='ocrx_word' id='word_1_220' title='bbox 947 4397 978 4461; x_wconf 90' lang='lat' dir='ltr'>ei</span> <span class='ocrx_word' id='word_1_221' title='bbox 1008 4396 1107 4462; x_wconf 90' lang='lat' dir='ltr'>etiam</span> <span class='ocrx_word' id='word_1_222' title='bbox 1135 4405 1249 4462; x_wconf 89' lang='lat' dir='ltr'>contra</span> <span class='ocrx_word' id='word_1_223' title='bbox 1276 4416 1371 4480; x_wconf 89' lang='lat' dir='ltr'>spem</span> 
     </span>
     <span class='ocr_line' id='line_1_33' title="bbox 274 4499 1371 4585; baseline -0.002 -17"><span class='ocrx_word' id='word_1_224' title='bbox 274 4503 407 4568; x_wconf 86' lang='lat' dir='ltr'>soboles</span> <span class='ocrx_word' id='word_1_225' title='bbox 433 4512 631 4576; x_wconf 88' lang='lat' dir='ltr'>nasceretur,</span> <span class='ocrx_word' id='word_1_226' title='bbox 656 4521 770 4585; x_wconf 91' lang='lat' dir='ltr'>preces</span> <span class='ocrx_word' id='word_1_227' title='bbox 796 4499 941 4566; x_wconf 80' lang='lat' dir='ltr'>famulae</span> <span class='ocrx_word' id='word_1_228' title='bbox 964 4510 1043 4566; x_wconf 90' lang='lat' dir='ltr'>tuae</span> <span class='ocrx_word' id='word_1_229' title='bbox 1072 4499 1178 4580; x_wconf 81' lang='lat' dir='ltr'>Illius,</span> <span class='ocrx_word' id='word_1_230' title='bbox 1203 4520 1264 4585; x_wconf 91' lang='lat' dir='ltr'>pro</span> <span class='ocrx_word' id='word_1_231' title='bbox 1292 4520 1371 4566; x_wconf 89' lang='lat' dir='ltr'>suae</span> 
     </span>
     <span class='ocr_line' id='line_1_34' title="bbox 274 4600 1371 4690; baseline -0.002 -18"><span class='ocrx_word' id='word_1_232' title='bbox 274 4606 449 4672; x_wconf 88' lang='lat' dir='ltr'>sterilitate</span> <span class='ocrx_word' id='word_1_233' title='bbox 460 4604 693 4688; x_wconf 87' lang='lat' dir='ltr'>deprecantis¹,</span> <span class='ocrx_word' id='word_1_234' title='bbox 704 4605 869 4690; x_wconf 90' lang='lat' dir='ltr'>propitius</span> <span class='ocrx_word' id='word_1_235' title='bbox 878 4604 1011 4690; x_wconf 88' lang='lat' dir='ltr'>respice,</span> <span class='ocrx_word' id='word_1_236' title='bbox 1021 4613 1054 4671; x_wconf 91' lang='lat' dir='ltr'>et</span> <span class='ocrx_word' id='word_1_237' title='bbox 1064 4600 1214 4671; x_wconf 82' lang='lat' dir='ltr'>ei²iuxta</span> <span class='ocrx_word' id='word_1_238' title='bbox 1223 4614 1371 4671; x_wconf 89' lang='lat' dir='ltr'>tenorem</span> 
     </span>
     <span class='ocr_line' id='line_1_35' title="bbox 276 4707 1370 4794; baseline -0.002 -19"><span class='ocrx_word' id='word_1_239' title='bbox 276 4710 547 4794; x_wconf 89' lang='lat' dir='ltr'>praecedentium</span> <span class='ocrx_word' id='word_1_240' title='bbox 570 4719 703 4793; x_wconf 88' lang='lat' dir='ltr'>patrum</span> <span class='ocrx_word' id='word_1_241' title='bbox 729 4720 763 4775; x_wconf 89' lang='lat' dir='ltr'>et</span> <span class='ocrx_word' id='word_1_242' title='bbox 789 4707 1027 4775; x_wconf 84' lang='lat' dir='ltr'>secunditatem</span> <span class='ocrx_word' id='word_1_243' title='bbox 1048 4710 1183 4786; x_wconf 86' lang='lat' dir='ltr'>tribuas,</span> <span class='ocrx_word' id='word_1_244' title='bbox 1205 4718 1239 4773; x_wconf 89' lang='lat' dir='ltr'>et</span> <span class='ocrx_word' id='word_1_245' title='bbox 1268 4707 1370 4774; x_wconf 84' lang='lat' dir='ltr'>filium</span> 
     </span>
     <span class='ocr_line' id='line_1_36' title="bbox 276 4812 886 4897; baseline -0.002 -20"><span class='ocrx_word' id='word_1_246' title='bbox 276 4832 379 4897; x_wconf 89' lang='lat' dir='ltr'>quem</span> <span class='ocrx_word' id='word_1_247' title='bbox 398 4814 569 4878; x_wconf 87' lang='lat' dir='ltr'>donaveris</span> <span class='ocrx_word' id='word_1_248' title='bbox 585 4813 768 4879; x_wconf 83' lang='lat' dir='ltr'>benedicas</span> <span class='ocrx_word' id='word_1_249' title='bbox 815 4812 886 4878; x_wconf 91' lang='lat' dir='ltr'>Per.</span> 
     </span>
    </p>
   </div>
   <div class='ocr_carea' id='block_1_12' title="bbox 276 4932 1371 5225">
    <p class='ocr_par' dir='ltr' id='par_1_13' title="bbox 276 4932 1371 5225">
     <span class='ocr_line' id='line_1_37' title="bbox 320 4932 1371 5018; baseline -0.002 -20"><span class='ocrx_word' id='word_1_250' title='bbox 320 4933 425 5013; x_wconf 88' lang='lat' dir='ltr'>Deus,</span> <span class='ocrx_word' id='word_1_251' title='bbox 451 4933 509 5016; x_wconf 90' lang='lat' dir='ltr'>qui</span> <span class='ocrx_word' id='word_1_252' title='bbox 530 4932 689 4999; x_wconf 84' lang='lat' dir='ltr'>famulum</span> <span class='ocrx_word' id='word_1_253' title='bbox 712 4942 807 4998; x_wconf 91' lang='lat' dir='ltr'>tuum</span> <span class='ocrx_word' id='word_1_254' title='bbox 831 4933 926 4998; x_wconf 87' lang='lat' dir='ltr'>Isaac</span> <span class='ocrx_word' id='word_1_255' title='bbox 949 4953 1010 5016; x_wconf 90' lang='lat' dir='ltr'>pro</span> <span class='ocrx_word' id='word_1_256' title='bbox 1032 4932 1205 4999; x_wconf 87' lang='lat' dir='ltr'>sterilitate</span> <span class='ocrx_word' id='word_1_257' title='bbox 1227 4932 1371 5018; x_wconf 88' lang='lat' dir='ltr'>coniugii</span> 
     </span>
     <span class='ocr_line' id='line_1_38' title="bbox 276 5035 1371 5121; baseline 0.001 -21"><span class='ocrx_word' id='word_1_258' title='bbox 276 5036 328 5100; x_wconf 93' lang='lat' dir='ltr'>sui</span> <span class='ocrx_word' id='word_1_259' title='bbox 344 5046 378 5101; x_wconf 90' lang='lat' dir='ltr'>te</span> <span class='ocrx_word' id='word_1_260' title='bbox 387 5036 618 5121; x_wconf 89' lang='lat' dir='ltr'>deprecantem</span> <span class='ocrx_word' id='word_1_261' title='bbox 630 5036 797 5115; x_wconf 86' lang='lat' dir='ltr'>exaudire,</span> <span class='ocrx_word' id='word_1_262' title='bbox 809 5042 843 5101; x_wconf 87' lang='lat' dir='ltr'>et</span> <span class='ocrx_word' id='word_1_263' title='bbox 855 5046 1053 5119; x_wconf 88' lang='lat' dir='ltr'>conceptum</span> <span class='ocrx_word' id='word_1_264' title='bbox 1068 5035 1238 5101; x_wconf 85' lang='lat' dir='ltr'>Rebeccae</span> <span class='ocrx_word' id='word_1_265' title='bbox 1247 5035 1371 5101; x_wconf 88' lang='lat' dir='ltr'>donare</span> 
     </span>
     <span class='ocr_line' id='line_1_39' title="bbox 278 5138 1371 5225; baseline 0.001 -20"><span class='ocrx_word' id='word_1_266' title='bbox 278 5139 436 5225; x_wconf 89' lang='lat' dir='ltr'>dignatus</span> <span class='ocrx_word' id='word_1_267' title='bbox 463 5160 508 5220; x_wconf 88' lang='lat' dir='ltr'>es,</span> <span class='ocrx_word' id='word_1_268' title='bbox 533 5161 647 5225; x_wconf 87' lang='lat' dir='ltr'>preces</span> <span class='ocrx_word' id='word_1_269' title='bbox 675 5139 818 5205; x_wconf 77' lang='lat' dir='ltr'>famulae</span> <span class='ocrx_word' id='word_1_270' title='bbox 847 5150 925 5207; x_wconf 86' lang='lat' dir='ltr'>tuae</span> <span class='ocrx_word' id='word_1_271' title='bbox 951 5138 1049 5206; x_wconf 77' lang='lat' dir='ltr'>Illius</span> <span class='ocrx_word' id='word_1_272' title='bbox 1074 5161 1135 5225; x_wconf 91' lang='lat' dir='ltr'>pro</span> <span class='ocrx_word' id='word_1_273' title='bbox 1160 5139 1371 5225; x_wconf 86' lang='lat' dir='ltr'>percipienda</span> 
     </span>
    </p>
   </div>
   <div class='ocr_carea' id='block_1_13' title="bbox 0 0 1697 5828">
    <p class='ocr_par' dir='ltr' id='par_1_14' title="bbox 0 0 1697 5828">
     <span class='ocr_line' id='line_1_40' title="bbox 0 0 1697 5828; baseline 0 0"><span class='ocrx_word' id='word_1_274' title='bbox 0 0 1697 5828; x_wconf 95' lang='lat' dir='ltr'> </span> 
     </span>
    </p>
   </div>
  </div>
 </body>
</html>
