3352 5828
304 391 368 454 ω
585 379 713 437 unna
732 375 1120 437 sacnarrnnnonma
1267 374 1399 442 [num

729 553 979 610 Poatoommun.

122 677 149 730 s.
161 678 256 740 (anat)
348 659 558 728 Sacramenti
579 657 638 740 tui,
660 658 817 738 Domine,
831 676 1041 742 quaesumus,
1060 663 1193 742 sumpta
1212 653 1401 720 benedictio

123 745 200 797 Μ’·
213 745 252 795 ²⁸·
304 785 445 849 corpora
466 773 581 830 nostra
602 771 795 847 mentesque
816 760 1008 840 sanctificet,
1025 769 1061 827 et
1081 768 1260 846 perpetuae
1277 757 1400 824 miseri·

304 868 437 936 cordiae
453 888 514 935 nos
522 875 703 952 praeparet
717 866 962 932 adscribendos.
1008 864 1070 930 Per
1080 861 1273 929 Dominum.

338 988 348 1018 ¹
364 987 429 1038 This
437 988 520 1038 Missa
529 1002 635 1053 appears
643 985 668 1036 in
676 986 701 1038 S.
709 985 759 1036 and
767 984 844 1037 Gerb.
853 985 892 1036 ior
898 985 940 1036 the
950 984 1061 1035 Festival
1071 984 1100 1034 oi
1106 983 1133 1035 S·
1141 982 1241 1034 Zoticm
1251 972 1301 1032 'aad
1312 980 1403 1032 others

306 1051 317 1084 ¹
333 1053 440 1103 virm
451 1052 484 1103 V.
497 1049 769 1118 (mgrmmadnllrlr
784 1051 811 1102 S.
823 1050 898 1102 Geth
911 1050 988 1102 leon
1000 1065 1028 1101 as
1037 1055 1095 1101 text
1229 1048 1240 1079 ⁸
1255 1059 1405 1114 quassum

306 1118 454 1170 Barsines.
466 1117 543 1170 Gah.

778 1295 907 1354 um
916 1286 939 1354 ¹.

485 1410 707 1478 Orationes
730 1423 780 1476 on
803 1408 1029 1476 Anvnuruu
1053 1405 1232 1475 Domini

128 1541 161 1593 R.
172 1541 198 1592 s.
357 1532 491 1612 Excita,
500 1532 655 1613 Domine,
664 1532 847 1617 potentiam
859 1538 962 1611 tuam,
971 1539 1005 1598 et
1014 1531 1099 1610 veni,
1110 1539 1144 1597 et
1152 1532 1242 1616 quod
1252 1529 1407 1597 ecclesiae

127 1607 273 1722 ⁰⁶3¹&
309 1646 388 1704 tuae
403 1657 507 1720 usque
522 1637 556 1701 in
575 1635 674 1702 finem
695 1635 818 1702 saeculi
839 1633 1240 1718 promisisti³c1ementer
1261 1654 1406 1718 operare.

127 1737 196 1789 sacr.
207 1735 278 1788 Gali.
311 1742 416 1824 pem
780 1759 797 1772 ··
841 1753 846 1791 r

128 1805 199 1919 iiiia
207 1867 277 1919 Gall.
290 1877 345 1934 70²·

128 1949 286 2015 usuam)
355 1927 490 2005 Excita,
512 1926 667 2006 Domine,
688 1924 873 2010 potentiam
895 1935 998 2003 tuam,
1022 1920 1071 2014 [et
1090 1919 1215 2014 veni⁴]‚
1237 1934 1272 1991 et
1289 1944 1411 2009 magna

129 2016 274 2134 ξζὲξοζ·
311 2032 407 2100 uobis
422 2032 547 2097 virtute
560 2050 721 2108 succurre,
735 2039 773 2096 ut
793 2050 854 2115 per
875 2028 1038 2094 auxilium
1057 2028 1204 2112 gloriae⁶
1224 2038 1301 2095 tuae
1318 2029 1411 2114 quod

129 2146 191 2199 sacr
210 2096 278 2198 (ihu
311 2148 425 2203 nostra
440 2145 577 2221 peccata
597 2135 824 2220 praepediunt,
845 2133 1051 2217 indulgentia
1071 2142 1149 2199 tuae
1167 2133 1411 2220 propitiationis

131 2213 188 2279 ⁷⁸⁵·
311 2223 482 2310 deceleret.
528 2240 636 2321 Pery

788 2334 934 2392 secuta.

132 2458 286 2524 Raptus.)
356 2446 501 2527 Placare,
516 2446 671 2524 Domine,
686 2465 895 2530 quaesumus,
909 2445 1106 2512 humilitatis
1118 2455 1249 2512 nostrae
1261 2445 1417 2528 precibus

132 2524 278 2640 fflffg‘ffs
314 2561 348 2618 et
362 2551 483 2616 hostiis
496 2571 503 2630 ;
519 2560 554 2615 et
574 2548 632 2614 ubi
648 2548 739 2614 nulla
754 2557 938 2634 suppetunt
953 2549 1317 2634 suffragia-meritorum
1332 2558 1411 2615 tuae

133 2655 205 2785 {aas
213 2653 283 2706 Gan.
315 2653 412 2719 nobis
427 2652 655 2738 indulgentiae
670 2672 823 2720 succurre
837 2652 1010 2736 praesidiis
1021 2652 1045 2717 θ.
1089 2652 1160 2718 Per.
1175 2677 1197 2734 γ
1239 2661 1244 2671 “

135 2800 292 2865 ustulat)
359 2789 446 2855 VD.
463 2838 471 2856 .
487 2837 496 2853 .
511 2835 519 2853 .
532 2788 625 2854 Deus
638 2788 662 2853 ².
718 2788 781 2855 Cui
807 2789 975 2873 proprium
997 2797 1051 2855 est
1073 2810 1113 2855 ac
1135 2789 1299 2872 singulare
1321 2787 1413 2873 quod

221 2880 283 2994 ζῷ’]
317 2894 426 2959 bonus
441 2913 476 2956 es
488 2890 511 2971 ⁸,
526 2901 560 2957 et
581 2892 671 2956 nulla
686 2912 831 2976 unquam
849 2913 870 2958 a
887 2899 922 2956 te
944 2913 980 2957 es
1001 2891 1283 2959 commutatioue⁹
1306 2891 1414 2956 diver·

135 2995 286 3049 &cr-Gell-
316 2996 422 3064 susm.
484 2996 668 3080 Propitiare
695 2995 991 3081 supplicationibus
1026 2996 1145 3061 nostris
1174 3006 1208 3061 ct
1242 2995 1415 3062 ecclesiae
1430 3006 1487 3062 681

137 3060 287 3179 {friam
319 3110 398 3165 tuae
413 3099 671 3166 misericordiam
686 3107 779 3164 tuam
788 3119 887 3182 quam
899 3097 1097 3165 confitentur
1108 3097 1132 3136 ¹¹
1149 3099 1297 3178 ostende,
1312 3100 1417 3164 mani·

140 3201 197 3256 ⁷⁰²·
320 3203 444 3268 lestans
471 3202 561 3287 plebi
582 3212 660 3268 tuae
685 3202 858 3288 Unigeniti
884 3203 933 3268 tui
945 3200 971 3241 ¹²
992 3201 1140 3267 mirabile
1165 3215 1417 3278 sacramentum,

276 3351 301 3367 ..
320 3317 358 3372 ut
368 3306 396 3346 ¹³
411 3309 444 3371 in
461 3307 675 3371 universitate
690 3306 862 3372 nationum
884 3305 1073 3389 perficiatur
1093 3307 1183 3391 quod
1193 3304 1220 3345 ¹⁴
1240 3327 1299 3392 per
1312 3306 1417 3371 Verbi

319 3412 368 3476 tui
391 3409 601 3494 evangelium
623 3410 813 3493 promisisti,
834 3418 868 3474 et
890 3408 1011 3474 habeat
1034 3410 1206 3494 plenitudo
1228 3409 1416 3494 adoptionis

320 3515 411 3599 quod
430 3514 564 3598 pertulit
574 3512 602 3552 ¹⁶
623 3513 815 3578 testificatio
828 3512 986 3578 veritatis,
1031 3511 1094 3577 Per
1116 3513 1283 3578 Christum
1301 3515 1417 3579 Domi·

321 3637 447 3700 num
745 3710 996 3770 Parmammun„

141 3837 296 3900 astatus.)
366 3821 501 3908 Repleti
524 3824 600 3890 cibo
626 3823 782 3909 spiritalis
793 3821 821 3863 ¹⁶
847 3823 1025 3888 alimoniae
1050 3823 1213 3909 supplices
1235 3834 1270 3890 te
1299 3825 1417 3909 depre-

141 3904 286 4020 ffifgff
322 3947 444 4007 camur,
459 3927 673 4012 omnipotens
696 3927 798 4006 Deus,
816 3936 854 3991 ut
876 3924 975 3992 huius
998 3928 1249 4011 participatione
1271 3930 1418 4013 mysterii

142 4035 213 4086 Mira
221 4034 289 4086 Gan.
322 4033 444 4098 doceas
468 4052 530 4097 nos
556 4042 686 4098 terrena
711 4031 881 4116 despicere
904 4042 939 4098 et
965 4053 1076 4097 amare
1097 4031 1260 4112 caelestia,
1280 4044 1383 4118 atque
1392 4033 1417 4075 ¹²

144 4112 198 4165 Μ
323 4136 415 4201 omni
437 4156 527 4200 nexu
551 4135 738 4201 mortiferae
761 4137 952 4223 cupiditatis
975 4147 1095 4202 exutos
1117 4157 1218 4220 regno
1240 4148 1418 4223 perpetuae

322 4239 486 4305 libertatis
504 4250 672 4305 consortes
685 4238 821 4306 efficias.
866 4240 929 4305 Per
945 4239 1135 4305 Dominum.
1150 4266 1170 4323 γ

355 4375 365 4406 ¹
382 4374 446 4425 This
463 4375 544 4425 Missa
560 4375 611 4425 and
636 4375 679 4426 the
697 4376 754 4425 iour
769 4375 851 4427 which
866 4375 952 4426 follow
968 4376 988 4425 it
1011 4375 1138 4441 apparenti
1170 4376 1319 4454 correspoud
1335 4385 1363 4427 to
1379 4376 1421 4427 the

324 4440 371 4490 five
382 4440 477 4490 Missae
493 4440 612 4506 provided
628 4441 662 4505 by
672 4440 703 4490 R.
716 4441 766 4490 aud
777 4440 802 4491 S.
813 4441 852 4491 ior
868 4441 910 4491 the
921 4441 967 4491 live
979 4441 1091 4505 Sundays
1141 4457 1183 4493 ore
1201 4441 1339 4492 Chnstmas
1353 4441 1420 4506 Day.

324 4506 392 4556 Men.
415 4505 527 4556 likewise
546 4506 592 4556 has
612 4506 658 4556 five
676 4506 772 4558 Missae
790 4507 830 4556 ior
851 4505 920 4556 these
937 4507 1028 4567 wecks,
1049 4507 1181 4572 reckoning
1202 4506 1335 4558 buclrward
1356 4507 1421 4557 from

325 4570 472 4622 Christmas.
505 4571 529 4623 S.
542 4571 587 4621 has
604 4571 658 4622 also
669 4588 685 4620 a
695 4571 770 4621 series
781 4572 810 4622 oi
817 4571 886 4623 three
897 4572 991 4622 Missae
1002 4572 1050 4623 aad
1061 4573 1091 4622 R.
1103 4572 1147 4622 has
1158 4579 1209 4622 two
1219 4574 1314 4625 Missae
1325 4571 1363 4623 ior
1378 4572 1422 4623 the

326 4637 455 4699 weekdnys
467 4637 496 4687 oi
502 4637 609 4696 Advent,
618 4636 694 4687 while
702 4637 733 4686 R.
743 4637 768 4686 S.
775 4637 823 4687 and
834 4638 903 4688 Men.
910 4637 975 4687 have
983 4638 1044 4688 each
1053 4654 1069 4686 a
1077 4638 1150 4688 series
1161 4639 1190 4688 oi
1199 4638 1284 4687 ‘Aliae
1291 4639 1422 4689 Orationes

325 4703 354 4754 de
365 4701 501 4766 Adventu,'
511 4702 572 4753 with
584 4702 673 4764 which,
684 4702 816 4769 probably,
828 4702 870 4753 thc
886 4718 986 4770 prayers
1002 4704 1131 4756 contained
1148 4704 1174 4755 in
1188 4704 1230 4755 the
1245 4703 1319 4755 latter
1330 4711 1385 4770 part
1397 4703 1425 4753 oi
