3352 5828
213 779 235 832 1.
246 779 306 847 xa]
521 772 735 831 ROMANAE
754 770 996 831 ECCLESIAE.
1266 776 1307 847 23

213 941 479 1026 caelestiadona
501 939 707 1023 multiplicet,
730 946 764 1004 et
785 957 872 1023 quae
894 936 964 1003 eius
986 933 1176 1019 dignatione
1186 931 1213 973 ¹⁹
1234 952 1307 999 sus·
1332 942 1448 996 Muteno

214 1040 386 1131 clPl⁰⁰l²⁰·
413 1045 482 1109 eius
497 1041 523 1084 ²¹
560 1051 769 1128 exequantur
782 1039 809 1080 ²²
846 1039 980 1106 auxilio.
1046 1035 1151 1104 Per²⁸
1187 1035 1307 1102 Domi·
1331 1010 1412 1127 312¹·
1423 1026 1480 1077 ⁰⁸¹²·

215 1168 353 1231 nunny

260 1284 393 1351 Exaudi
403 1304 470 1363 nos,
480 1284 572 1348 Deus
587 1282 741 1348 salutaris
751 1291 862 1348 noster
873 1279 911 1359 ²⁴,
927 1291 960 1347 et
975 1279 1149 1365 superbos
1164 1277 1307 1344 ramulos

216 1395 293 1453 tuos
310 1387 570 1454 benedictionem
580 1385 607 1427 ²⁶
626 1387 732 1451 sancti
748 1385 892 1472 Spiritus
904 1394 941 1450 et
955 1385 1081 1468 gratiae
1094 1380 1308 1449 sacerdotalis

217 1490 350 1557 effunde
357 1492 521 1572 virtutem,
532 1498 569 1556 ut
577 1511 661 1575 quos
670 1501 749 1556 tuae
759 1489 893 1575 pietatis
904 1487 1092 1572 aspectibus
1101 1483 1127 1526 ⁹⁶
1140 1484 1309 1551 offerimus

217 1597 455 1663 consecrandos
474 1605 632 1680 perpetua
651 1595 794 1660 muneris
812 1593 861 1659 tui
882 1593 1035 1678 largitate
1054 1589 1263 1675 prosequaris
1270 1588 1307 1654 ²².

218 1699 289 1765 Per.
303 1724 325 1781 γ

658 1888 867 1958 Consecran'o.

262 2010 405 2076 Domine
426 2020 547 2089 sancte,
565 2011 663 2076 Pater
685 2010 906 2095 omnipotens,
928 2018 1063 2076 aeterne
1083 2009 1187 2087 Deus,
1204 2005 1310 2071 hono·

219 2134 292 2180 rurn
304 2112 332 2156 ²⁸
346 2115 494 2180 omnium
509 2114 706 2199 dignitatum
727 2134 814 2198 quae
833 2114 894 2180 tibi
910 2112 1055 2178 militant
1069 2109 1262 2177 distributor
1273 2105 1312 2188 ²⁹,

218 2236 279 2302 per
306 2217 443 2303 quem⁸⁰
472 2217 645 2303 proficiunt
673 2217 832 2294 universa,
859 2236 918 2301 per
946 2211 1083 2300 quem⁸⁰
1114 2223 1233 2280 cuncta
1257 2210 1313 2276 fir·

220 2330 360 2400 mantur,
384 2318 593 2405 amplificatis
621 2340 752 2404 semper
780 2321 813 2385 in
839 2320 955 2385 melius
980 2328 1118 2384 naturae
1143 2314 1317 2383 rationalis.

220 2424 428 2490 incrementis
439 2423 466 2465 ³¹
491 2445 550 2510 per
571 2425 720 2490 ordinem
743 2444 889 2508 congnra
909 2419 1072 2489 ratione⁸²
1091 2421 1311 2507 dispositum:

222 2527 347 2593 unde³⁸
369 2525 625 2594 sacerdotales⁸⁴
649 2529 780 2613 gradus,
802 2539 837 2592 et
858 2526 967 2593 officia
989 2526 1180 2591 Levitarum
1204 2543 1313 2589 saera·

223 2631 343 2696 mentis
369 2632 517 2714 mysticis
549 2630 702 2697 instituta
727 2639 907 2709 creverunt,
936 2639 983 2709 ut,
1006 2648 1110 2714 quum
1140 2625 1313 2713 pontifices

224 2753 372 2800 summos
391 2734 543 2818 regendis
563 2732 932 2819 populispraeiecisses,
951 2734 995 2798 ad
1013 2753 1127 2800 eorum
1148 2731 1313 2797 societatis

224 2845 259 2903 et
280 2837 389 2921 operis
410 2839 635 2903 adiumentum
657 2839 824 2923 sequentis
845 2838 969 2903 ordinis
985 2839 1074 2902 viros
1096 2846 1131 2901 et
1151 2834 1314 2921 secundae

225 2941 395 3026 dignitatis
417 2941 551 3027 eligeres
563 2941 600 3010 ⁸⁵.
643 2941 700 3008 Sic
719 2943 752 3008 in
775 2962 886 3008 eremo
908 2961 967 3026 per
987 2939 1051 3006 lxx
1069 2940 1214 3005 virorum
1235 2958 1318 3022 prus

224 3044 374 3110 dentium
397 3055 525 3111 mentes
535 3045 563 3086 ⁸⁶
582 3046 694 3132 Moysi
718 3045 868 3130 spiritum
892 3043 1090 3130 propagasti,
1112 3043 1233 3125 quibus
1259 3040 1315 3105 ille

224 3148 429 3214 adiutoribus
455 3169 534 3215 usus
558 3150 591 3214 in
615 3149 741 3234 populo
763 3149 950 3214 innumeras
972 3146 1200 3214 multitudines
1219 3143 1314 3210 facile

224 3251 427 3336 gubernavit
483 3252 538 3319 Sic
562 3264 596 3319 et
625 3253 788 3319 Eleazaro
813 3264 849 3318 et
879 3252 1028 3317 ithamar
1056 3250 1130 3315 liliis
1158 3246 1315 3314 Aaron⁸⁷

224 3365 380 3440 paternae
402 3356 616 3439 plenitudinis
627 3356 655 3396 ⁸⁸
676 3356 913 3421 abundantiam
934 3353 1149 3433 transfudisti,
1171 3362 1208 3418 ut
1219 3350 1246 3391 ⁸⁹
1270 3353 1315 3417 ad

224 3458 350 3522 hostias
374 3458 532 3524 salutares
563 3455 612 3546 [et
636 3457 865 3544 frequentioris
876 3453 923 3545 ⁴⁰]
950 3458 1048 3523 officii
1069 3464 1276 3522 sacramenta
1286 3452 1315 3493 ⁴¹

224 3560 385 3625 sufficeret
400 3562 553 3625 meritum
564 3558 591 3600 ⁴²
605 3561 824 3628 sacerdotum.
856 3560 932 3624 Hac
947 3561 1155 3644 providentia
1170 3557 1316 3624 Domine

224 3663 384 3747 apostolis
399 3663 473 3728 Filii
489 3664 536 3727 tui
551 3664 704 3728 doctores
722 3663 800 3729 fidei
810 3661 839 3702 ⁴³
854 3665 994 3729 comites
1014 3662 1181 3739 addidisti,
1195 3661 1316 3746 quibus

225 3764 309 3831 illi⁴⁴
332 3767 446 3833 orbem
471 3776 582 3833 toturn
604 3769 756 3833 secundis
782 3766 1064 3853 praedicatoribus
1087 3765 1316 3850 impleverunt

225 3869 437 3954 Quapropter
465 3870 648 3936 infirmitati
684 3891 817 3956 quoque
847 3881 991 3951 nostrae,
1028 3871 1183 3947 Domine,
1213 3887 1316 3952 quae·

155 3981 214 4042 514
227 3971 385 4054 sumus⁴⁶,
404 4005 417 4030 ι
435 3973 516 4040 haec
547 3974 740 4039 adiumenta
770 3972 898 4058 largire,
926 3975 984 4059 qui
1015 3968 1179 4058 quant0⁴⁸
1210 3972 1317 4056 magis

227 4076 406 4162 fragiliores
420 4097 533 4143 mmus
547 4086 641 4143 tanto
656 4077 708 4144 his
722 4077 846 4163 plurius
858 4076 883 4118 ⁴⁷
899 4079 1093 4162 indigemus.
1138 4077 1201 4154 Da,
1216 4094 1318 4159 quae·

227 4200 350 4261 sumus,
365 4182 574 4265 omnipotens
590 4181 697 4261 Pater,
718 4182 752 4246 in
766 4181 828 4248 hos
841 4183 984 4248 famulos
998 4177 1108 4247 tuos⁴⁸
1123 4178 1317 4263 presbyterii

227 4284 445 4368 dignitatem:
474 4285 594 4350 innova
620 4284 654 4349 in
678 4286 858 4352 visceribus
881 4306 995 4350 eorum
1021 4283 1172 4369 spiritum
1197 4283 1319 4348 sancti·

226 4388 315 4467 tatis,
335 4397 372 4453 ut
383 4385 411 4427 ⁴⁹
431 4398 600 4472 acceptum
618 4409 639 4454 a
656 4398 700 4468 te,
719 4390 820 4468 Deus,
836 4390 1055 4455 secundumll
1074 4386 1181 4452 meriti
1199 4405 1318 4451 munus

226 4491 400 4558 obtineant
409 4490 443 4570 ⁶¹,
467 4512 703 4577 censuramque
732 4513 862 4558 morum
892 4494 1050 4577 exemplo
1078 4511 1158 4556 suae
1182 4510 1318 4555 conver-

227 4595 364 4660 sationis
400 4594 602 4661 insinuent⁶¹.
670 4595 745 4662 Sint
782 4597 911 4680 providi
948 4605 1179 4679 cooperatores
1215 4593 1318 4658 nostri

228 4695 413 4779 ordinis⁶';
436 4698 541 4765 luceat
561 4699 595 4765 in
616 4700 665 4766 eis
674 4698 702 4738 ⁶⁸
716 4701 819 4766 totius
841 4700 950 4765 forma
967 4699 1117 4777 iustitiae,
1136 4708 1172 4763 ut
1193 4697 1318 4764 bonam

230 4800 392 4866 rationem
419 4803 667 4886 dispensationis
691 4801 754 4869 sibi
780 4803 927 4869 creditae
948 4800 1144 4869 reddituri³⁴
1166 4811 1319 4867 aeternae

228 4904 443 4972 beatitudinis
458 4906 602 4992 praemia
612 4907 639 4947 ³⁵
653 4917 907 4993 consequantur.
953 4907 1026 4971 Per.
1044 4931 1065 4988 γ
