3352 5828
317 747 430 819 rua]
625 751 841 811 nouenae
861 752 1106 812 accassmn.
1371 759 1414 830 35

639 917 739 984 Faria
752 919 782 986 ii
794 917 952 986 Hebdom.
968 918 1001 983 Τ
996 920 1091 986 ertia.

363 1045 538 1128 Conserva,
548 1046 703 1128 Domine,
717 1047 877 1114 familiam
892 1057 984 1113 tuam
1000 1048 1098 1115 bonis
1112 1067 1244 1132 semper
1258 1047 1415 1132 operibus
1440 1052 1508 1107 R&

318 1150 493 1232 eruditam,
522 1158 557 1217 et
584 1152 631 1219 nc
660 1153 889 1236 praesentibus
918 1151 1089 1219 consolare
1118 1152 1275 1219 subsidiis
1304 1162 1343 1219 ut
1370 1153 1414 1218 aa
1440 1119 1580 1248 3333,

318 1273 462 1338 superna
472 1253 499 1294 ¹⁰
510 1256 670 1341 perducas
685 1256 773 1322 dona
787 1255 960 1340 propitius.
1004 1257 1076 1322 Per.
1441 1252 1563 1316 ΗΜ

362 1357 426 1437 Da,
435 1379 641 1443 quaesumus,
656 1360 869 1444 omnipotens
883 1360 984 1439 Deus,
996 1368 1033 1425 ut
1047 1358 1268 1425 abstinentiae
1282 1366 1417 1424 nostrae

318 1463 566 1530 restaurationis
587 1463 733 1528 exordiis
761 1471 1006 1550 competentem
1032 1462 1142 1548 dignis
1167 1481 1418 1546 praecurramus

317 1564 442 1631 officiis
486 1566 548 1632 Per
558 1563 593 1631 ¹².

245 1673 305 1732 52³
802 1663 948 1721 &oreta

363 1773 458 1840 Haec
486 1794 546 1840 nos
575 1776 674 1843 beata
707 1775 874 1859 mysteria,
903 1776 1005 1854 Deus,
1034 1774 1193 1860 principia
1221 1793 1283 1840 sua
1318 1785 1416 1860 aptos

317 1878 460 1945 efficiant
474 1898 652 1946 recensere.
696 1871 798 1968 [Per.]

361 1982 462 2067 Infra
475 1984 642 2063 actionem,
657 1991 816 2067 utsupra.
862 1983 1020 2068 Sequitur

745 2154 995 2211 Postoommnn.

364 2264 460 2349 Quos
481 2266 602 2332 ieiunia
623 2267 736 2333 votiva
757 2268 932 2351 castigant,
954 2278 1021 2346 tua,
1044 2267 1198 2348 Domine,
1214 2278 1420 2334 sacramenta
1446 2276 1517 2329 RS.

320 2370 493 2454 purificent
504 2368 551 2452 ¹⁸3
581 2380 629 2449 ut,
651 2371 790 2438 terrenis
813 2371 984 2438 affectibus
1008 2372 1176 2458 mitigatis,
1197 2372 1325 2440 facilius
1347 2393 1420 2440 cae·
1446 2344 1575 2475 ζωὴ

322 2474 418 2541 lestia
433 2475 613 2560 capiamus.
657 2475 729 2541 Per.

743 2604 800 2662 Ad
820 2604 997 2675 Populum.

368 2715 502 2782 Gratias
524 2716 585 2782 tibi
608 2716 735 2796 reserat,
751 2717 906 2797 Domine,
920 2719 1020 2784 corde
1036 2717 1185 2784 subiecto
1206 2727 1266 2785 tua
1288 2738 1419 2802 semper
1447 2723 1516 2777 Rs

325 2818 471 2899 “Clffliar
492 2829 528 2886 et
549 2831 789 2904 consequenter
810 2820 968 2902 obtineat,
990 2830 1028 2888 ut
1057 2821 1303 2888 observationes
1332 2823 1419 2888 anti·
1446 2790 1576 2906 Quo·

325 2943 408 3007 quas
422 2923 542 3006 iugiter
556 2923 756 2989 recensendo
772 2924 922 3007 proficiat
937 2925 970 2988 in
987 2924 1143 2990 futurum.
1188 2924 1259 2991 Per.
1447 2919 1528 2985 susm.

642 3102 744 3168 Ferre
758 3101 800 3169 iii
816 3103 971 3169 Hebdom.
988 3105 1096 3170 urria.

370 3224 571 3308 Prosequere
604 3244 666 3288 nos
699 3225 907 3309 omnipotens
933 3224 1044 3303 Deus;
1079 3232 1114 3289 et
1143 3245 1227 3309 quos
1260 3224 1303 3289 ab
1340 3225 1424 3292 escis
1449 3232 1518 3284 Rs

324 3326 510 3391 carnalibus
525 3327 686 3412 praecipis
701 3328 865 3393 abstinere
879 3348 900 3392 a
915 3329 1025 3393 noxiis
1039 3348 1172 3412 quoque
1185 3328 1273 3394 vitiis
1294 3349 1423 3395 cessare
1449 3298 1579 3413 ἓῖὼαῇῗ

324 3431 478 3495 concede
523 3431 586 3495 Per
594 3428 631 3493 ¹⁰.
1416 3422 1420 3431 ’
1449 3427 1531 3494 *ἉΜ

367 3532 430 3612 Da,
445 3552 654 3617 quaesumus,
663 3532 818 3613 Domine,
834 3553 894 3598 rex
909 3542 1041 3598 aeterne
1055 3543 1261 3614 cunctorum,
1274 3544 1312 3600 ut
1326 3556 1422 3602 sacro
1448 3555 1474 3607 s.
1487 3555 1556 3620 (Fur.
1566 3555 1602 3618 v.)

325 3656 385 3701 nos
406 3635 596 3721 purificatos
619 3636 739 3702 ieiunio
764 3635 897 3701 sinceris
918 3635 1090 3721 quoque²⁰
1109 3636 1276 3702 mentibus
1298 3639 1342 3703 ad
1364 3648 1424 3707 tua
1448 3621 1524 3671 ω
1538 3632 1579 3681 ⁵¹·

324 3748 440 3806 sancta
453 3751 592 3807 ventura
611 3739 712 3807 facias
727 3739 908 3826 pervenire.
953 3740 1024 3808 Per.
1448 3686 1519 3737 m
1532 3697 1588 3749 ’μ’

803 3911 949 3969 Bouron.

369 4024 419 4090 Ut
448 4034 585 4110 accepta
608 4023 684 4104 sint,
711 4024 866 4105 Domine,
895 4035 1009 4091 nostra
1038 4025 1168 4105 ieiunia,
1192 4034 1324 4109 praesta
1351 4047 1424 4104 nos,
1450 4043 1521 4095 Pan
1534 4056 1589 4107 ³04

326 4148 534 4212 quaesumus,
569 4128 665 4194 huius
709 4148 847 4195 munere
883 4131 1079 4197 sacramenti
1117 4129 1327 4216 purificatum
1363 4130 1425 4195 tibi

327 4240 443 4314 pectus
464 4230 589 4298 offerre
634 4232 751 4315 Peuy

755 4379 1006 4438 Postoommnn.

371 4489 576 4557 Sacramenti
596 4492 654 4572 tui,
671 4492 825 4570 Domine,
840 4495 1027 4559 veneranda
1042 4494 1212 4579 perceptio
1227 4502 1262 4560 et
1282 4495 1425 4577 mystico
1450 4504 1604 4570 ψη.)

328 4614 388 4659 nos
403 4595 542 4659 mundet
557 4593 674 4660 effectu
690 4605 724 4661 et
738 4606 899 4681 perpetua
914 4596 1036 4662 virtute
1055 4597 1220 4663 defendat.
1266 4598 1336 4663 Per.
1450 4571 1590 4698 19,ξὲΞῇ

1451 4700 1519 4752 Mer.
1531 4713 1572 4765 ⁶0·

679 4800 683 4809 ·
746 4766 803 4823 Ad
824 4767 1002 4837 Populum

371 4876 535 4957 Concede,
565 4880 745 4945 misericors
775 4881 876 4960 Deus,
906 4891 943 4946 ut
980 4882 1119 4947 devotus
1148 4880 1209 4946 tibi
1246 4879 1424 4967 populus¹¹
1449 4892 1520 4944 RS.

326 5001 457 5065 semper
480 4984 613 5059 existat,
642 4994 676 5049 et
705 4985 746 5049 de
773 4994 831 5050 tua
861 4983 1037 5051 clementia
1063 4985 1153 5070 quod
1184 4984 1214 5049 ei
1243 4986 1348 5071 prosit
1374 4986 1423 5052 in·
1449 4958 1591 5089 3:32⁵}ss

327 5085 513 5152 desinenter
527 5087 684 5152 obtineat.
730 5088 801 5154 Per.
1300 5087 1423 5154 retusa
1450 5088 1571 5156 Muses

846 5205 908 5259 Du
