3352 5828
848 378 1080 439 APPENDIX.

635 592 687 679 [iii
704 595 750 657 Id
771 595 845 677 Sept.
867 596 940 659 Nae.
961 597 1020 659 SS.
1040 595 1129 658 Preti
1144 604 1171 658 et
1188 595 1301 658 Iace‘eiii.

520 709 603 772 Beati
622 711 703 774 Proti
724 731 780 774 nos
799 712 877 775 Dne.
896 723 926 776 et
946 712 1050 776 Iaeinti

520 808 580 872 Pro
599 823 768 876 sanctorum
789 811 868 875 Proti
889 823 919 874 et
939 813 1043 874 Iacinti

520 907 660 988 Percepta
680 928 737 972 noa
756 910 833 973 Dne.
853 922 904 973 tua
923 921 1026 973 saum
1044 908 1210 994 purificent]

734 1100 825 1162 Hedd.
846 1103 918 1163 xoii'
928 1107 996 1180 poet
1014 1100 1196 1163 Pentecosten.

520 1214 682 1278 Ecclesiam
702 1226 783 1278 tuam
802 1215 879 1278 Due.
900 1217 1050 1280 miseratio
1069 1218 1242 1280 continuata

503 1314 569 1376 *Da
588 1335 617 1396 q.
637 1315 713 1377 Dne.
735 1317 811 1378 hanc
832 1327 963 1378 mentem
983 1317 1095 1396 populo
1114 1327 1167 1379 tuo

521 1413 589 1476 Tua
608 1432 664 1476 nos
684 1414 761 1476 Dne.
781 1424 962 1478 sacramenta
981 1416 1145 1479 custodiant

521 1512 589 1572 VD.
609 1511 650 1573 Ut
670 1513 720 1593 qui
741 1523 770 1574 te
790 1525 910 1575 auctore

504 1611 638 1674 *Mentes
657 1623 772 1674 nostras
792 1622 822 1674 et
842 1631 967 1692 corpora
987 1609 1134 1693 possideat

661 1819 747 1879 xviii
763 1816 834 1878 Kal.
858 1818 920 1879 Oce.
940 1818 1095 1880 Exaloae
1114 1820 1147 1883 S.
1170 1819 1280 1884 Crucis.

502 1932 556 1993 sD.
577 1934 627 2012 qui
648 1951 704 1994 nos
723 1932 864 1995 hodierna
884 1934 932 1996 die
952 1935 1128 1997 exaltatione

520 2032 648 2093 Devotas
667 2031 744 2093 Due.
765 2031 932 2094 humilitatis
952 2044 1069 2096 nostae

501 2130 630 2192 *Adesto
648 2130 776 2192 familiae
796 2140 864 2193 tuae
885 2151 914 2211 q.
935 2132 1065 2195 clemens

771 2254 826 2315 Ae
841 2275 949 2315 crucem
969 2256 1161 2318 salutandam.

519 2360 557 2420 D.
579 2361 629 2441 qui
649 2360 802 2440 Unigeniti
823 2361 865 2422 tui
886 2360 955 2423 Dni.
976 2365 1068 2425 nostri

611 2549 731 2636 [Eodem
752 2555 796 2614 die
815 2553 887 2616 Nae.
902 2551 961 2616 SS.
984 2552 1114 2617 Cornelii
1128 2563 1156 2616 et
1176 2555 1324 2636 Cyprieni.

520 2665 678 2730 Beatorum
698 2679 858 2748 martymm
878 2670 1043 2750 pariterque
1063 2672 1236 2749 pontificum

520 2765 633 2827 Adesto
653 2766 729 2827 Dne.
749 2766 1009 2847 supplicationibus

521 2862 619 2925 Plebis
639 2875 706 2925 tuae
726 2864 803 2926 Dne.
823 2883 946 2926 munera
966 2866 1111 2945 benignus

503 2960 589 3022 eVD.
609 2961 765 3040 Tuamque
786 2963 817 3023 in
838 2973 1005 3023 sanctorum

504 3057 616 3120 *Sacro
636 3076 759 3120 munere
778 3070 926 3138 vegetatos
937 3058 1128 3145 sanctorum]

625 3245 709 3330 [leem
730 3247 827 3309 Missa
847 3250 977 3327 Propria
999 3249 1144 3329 ijreiini
1160 3251 1302 3330 Episcopi.

504 3363 684 3424 *Salutarem
704 3365 792 3426 nobis
811 3364 892 3426 dedit
911 3364 1053 3427 hodierna
1073 3367 1120 3428 die

522 3462 701 3523 Sacrificium
721 3474 853 3524 nostrum
869 3463 945 3524 Dne.
967 3467 1031 3543 ipsa
1050 3466 1102 3526 tibi
1124 3467 1159 3527 sit

522 3560 590 3621 VD.
611 3560 693 3621 Beati
713 3561 853 3640 Cypriani
875 3562 980 3623 natalis

523 3658 624 3720 Satiati
643 3677 744 3720 sumus
763 3658 839 3720 Dne.
859 3658 1045 3745 muneribus]

670 3855 755 3941 [xvii
771 3856 843 3918 Kal.
867 3858 927 3919 oce.
948 3858 1020 3919 Nat.
1043 3859 1076 3920 S.
1097 3859 1266 3922 Nicomedi.

503 3974 633 4035 *Adesto
653 3973 730 4038 Dne.
753 3974 865 4054 populo
886 3985 937 4036 tuo
957 3987 989 4036 ut
1008 3977 1038 4037 b.
1059 3976 1233 4041 Nicomedis

521 4073 692 4135 Intercessio
714 4075 743 4136 S.
765 4073 935 4135 Nicomedis
956 4075 1169 4137 misericordiae

520 4171 677 4233 Purificent
696 4190 752 4233 nos
772 4171 847 4233 Dne.
868 4170 1065 4256 sacramenta]

680 4369 754 4455 [xvi
769 4372 840 4434 Kal.
864 4374 926 4436 oct.
947 4374 1020 4437 Nae.
1041 4375 1078 4438 S.
1096 4377 1246 4456 Eiefimiee.

521 4485 558 4548 Ο.
580 4504 602 4547 s.
622 4485 662 4548 D.
678 4489 732 4566 qui
754 4488 868 4549 infirma
889 4491 991 4550 mundi

522 4585 640 4646 Praesta
659 4605 689 4665 q.
710 4586 786 4648 Dne.
807 4587 846 4647 D.
866 4599 966 4650 noster
986 4601 1017 4651 ut
1036 4591 1112 4652 sicut

523 4683 689 4745 sanctificet
709 4704 765 4747 nos
784 4686 861 4746 Dne.
878 4706 907 4766 q.
930 4689 970 4748 tui
991 4686 1152 4771 perceptio]
