3352 5828
215 831 369 899 unusve]
529 826 741 886 ROMANAE
761 824 1004 885 accenseat.
1250 813 1312 897 287

259 995 387 1060 Deinde
415 993 520 1059 mittis
549 993 655 1076 insum
680 992 735 1057 sal
756 991 792 1056 in
817 1011 912 1075 amca,
929 1000 962 1053 et
981 985 1134 1072 exsufflas
1156 988 1192 1052 in
1214 1001 1262 1064 ea,
1282 995 1317 1051 et

216 1099 300 1166 dicis

262 1204 355 1270 Deus
376 1204 432 1288 qui
454 1203 497 1269 ad
518 1200 662 1267 salutem
683 1200 821 1266 humani
843 1198 971 1283 generis
994 1197 1143 1264 maxima
1163 1215 1315 1280 quaeque

218 1317 425 1374 sacramenta
452 1307 486 1370 in
515 1324 676 1389 aquarum
705 1303 891 1369 substantia
920 1302 1105 1381 condidisti,
1128 1311 1163 1367 et
1189 1309 1316 1365 caetera

217 1413 303 1478 sieut
313 1409 459 1494 superius
474 1410 628 1493 scriptum
642 1418 700 1474 est.

261 1514 331 1580 Hic
343 1516 451 1580 mittis
466 1514 581 1580 vinum
595 1514 631 1578 in
645 1513 717 1595 ipsa
730 1532 826 1595 aqua,
841 1521 875 1576 et
887 1510 1013 1576 benedic
1026 1530 1099 1574 eam
1109 1532 1121 1574 .·
1142 1508 1218 1574 die:

263 1614 408 1680 Domine
429 1622 551 1689 sancte,
569 1612 669 1677 Pater
690 1611 912 1696 omnipotens,
926 1619 1057 1676 aeterne
1072 1609 1177 1685 Deus,
1192 1607 1316 1673 exaudi

219 1738 351 1804 precem
378 1738 495 1797 meam,
517 1717 602 1782 sicut
624 1716 783 1782 exaudire
805 1715 960 1801 dignatus
981 1736 1017 1781 es
1039 1713 1201 1780 famulum
1221 1720 1317 1776 tuum

220 1823 363 1906 Moysen
381 1821 414 1886 in
438 1822 519 1886 mari
530 1818 554 1860 ¹⁷
570 1822 671 1886 rubro
693 1820 757 1886 hoc
780 1821 871 1905 quod
896 1819 1024 1886 Pharao
1047 1820 1080 1884 in
1105 1815 1232 1903 populo
1256 1826 1317 1883 tuo

221 1926 403 2006 exercebat,
419 1926 490 2011 ipse
505 1925 651 1990 marinus
672 1925 840 1991 exercitus
860 1933 1041 2009 negaretur.
1086 1922 1143 1990 Sic
1165 1931 1200 1988 et
1223 1919 1318 1986 Heli·

219 2050 295 2096 seus
324 2030 487 2108 sacerdos,
516 2050 620 2114 quum
652 2027 796 2115 populus
829 2040 907 2095 tuus
935 2048 1058 2112 aquam
1087 2035 1221 2112 gustare
1250 2045 1316 2091 non

219 2144 341 2219 posset,
356 2133 502 2217 eoquod
525 2143 613 2200 esset
635 2154 757 2210 amara,
774 2131 880 2198 salem
902 2131 1040 2216 accepit,
1057 2139 1090 2195 et
1113 2127 1252 2214 proiecit
1273 2127 1318 2193 ad

220 2238 331 2304 exitus
345 2258 505 2322 aquarum
518 2245 553 2303 et
561 2237 735 2303 benedixit
745 2256 828 2316 eam,
837 2246 872 2303 et
888 2235 984 2310 dixit,
1000 2233 1138 2301 Sanavit
1152 2232 1318 2298 Dominus

220 2361 324 2427 aquas
346 2342 446 2420 istas3
469 2361 535 2405 non
558 2340 622 2405 erit
643 2361 688 2406 ex
711 2341 758 2406 eis
782 2341 933 2414 moriens,
949 2358 1056 2424 neque
1074 2336 1262 2416 infirmans;
1285 2343 1320 2401 et

221 2455 357 2512 sanatae
378 2453 456 2510 sunt
478 2465 584 2529 aquae
606 2445 693 2510 illae.
739 2445 793 2510 Ita
815 2453 862 2522 tu,
878 2443 1032 2520 Domine,
1047 2443 1184 2526 dignare
1205 2459 1321 2504 sanare

222 2569 328 2634 aquas
356 2548 445 2626 istas,
474 2557 513 2613 ut
542 2548 744 2632 ubicumque
773 2567 927 2634 aspersae
953 2545 1071 2613 suerint
1097 2565 1156 2628 per
1181 2543 1320 2628 angulos

223 2660 354 2736 domus,
363 2659 420 2724 ubi
432 2658 584 2724 inimicus
594 2658 721 2725 celatus
731 2657 838 2738 luerit,
847 2657 958 2722 statim
969 2653 1152 2740 arreptus¹⁸
1164 2653 1320 2740 effugiat3

225 2775 260 2832 et
279 2765 324 2831 sit
346 2763 403 2840 illi,
420 2764 574 2844 Domine,
596 2764 682 2829 hanc
703 2782 826 2848 aquam
845 2761 1039 2846 aspersionis
1060 2760 1151 2826 velut
1172 2759 1322 2827 clibanus

226 2868 344 2934 ardens
359 2867 445 2951 ignis
463 2867 735 2952 inextinguibilis.
780 2865 833 2933 Sit
848 2865 950 2943 nobis,
969 2865 1123 2934 Domine.
1138 2864 1219 2931 haec
1233 2884 1321 2947 aqua

225 2972 423 3056 aspersionis
448 2992 535 3057 aqua
557 2971 697 3048 virtutis,
722 2990 809 3055 aqua
838 2969 1038 3053 refrigerans,
1064 2967 1190 3035 diaboli
1218 2967 1284 3032 ritu
1295 2965 1321 3006 ¹⁹

225 3084 265 3139 ut
285 3073 414 3140 liberati
441 3073 623 3159 hospitales
654 3095 793 3159 minus
815 3073 887 3148 tibi,
912 3071 1065 3152 Domine,
1096 3072 1194 3136 Pater
1216 3070 1321 3135 omni·

224 3187 354 3263 potens,
370 3178 483 3244 laudes
499 3188 533 3244 et
547 3179 681 3263 gratias.
727 3177 789 3242 Per
804 3175 985 3242 Dominum
1001 3185 1161 3240 nostrum.

268 3280 447 3347 Postdate
468 3283 574 3347 mittis
594 3282 660 3347 oleo
680 3279 878 3364 sanctificato
899 3280 935 3344 in
957 3299 1051 3361 aqua,
1066 3288 1099 3341 et
1117 3277 1164 3343 n’c
1177 3277 1324 3361 aspergis

224 3404 263 3449 ea
276 3404 349 3449 cum
362 3384 491 3468 hyssopo
498 3395 563 3468 per
574 3385 695 3450 domn

411 3572 633 3638 Onnmoues
657 3585 728 3636 nno
750 3584 976 3638 asnensrous
999 3583 1137 3648 sousa.

270 3692 381 3758 Deum
404 3695 677 3779 omnipotentem,
693 3692 810 3760 iratres
831 3691 998 3769 carissimi,
1013 3691 1047 3755 in
1069 3691 1162 3756 cuius
1183 3690 1322 3756 domum

227 3796 412 3861 mansiones
423 3796 548 3862 multae
556 3807 642 3872 sunt,
651 3796 816 3880 supplices
827 3796 1040 3877 deprecemur
1050 3805 1088 3860 ut
1098 3791 1324 3859 habitaculum

227 3899 328 3965 istum
346 3921 413 3965 una
433 3921 508 3965 cum
531 3900 776 3967 habitatoribus
797 3900 1018 3966 benedicere·
1035 3909 1136 3983 atque
1158 3897 1324 3964 custodire
1351 3912 1407 3968 741

227 4003 388 4087 otgunur,
411 4005 564 4072 tenebras
586 4005 630 4069 ab
653 4024 692 4069 ea
714 4003 862 4089 repellat,
884 4003 994 4068 lumen
1016 4000 1178 4080 infundat,
1199 4000 1324 4066 nullam

228 4107 386 4173 saevienti
410 4109 596 4173 adversario
621 4109 747 4174 tribuat
768 4117 988 4192 potestatem
1011 4106 1071 4171 sed
1096 4107 1231 4190 propria
1250 4104 1327 4170 Deo

229 4211 340 4277 dicata
354 4212 397 4277 sit
411 4212 540 4290 domus,
556 4221 593 4278 ut
608 4212 735 4278 nullam
753 4213 786 4277 in
801 4231 841 4276 ea
857 4211 1005 4277 inimicus
1020 4208 1189 4274 licentiam
1205 4209 1327 4275 habeat

231 4316 379 4391 nocendi,
394 4336 454 4399 per
467 4317 620 4381 virtutem
636 4325 670 4382 et
686 4336 808 4382 nomen
832 4314 968 4380 Domini
983 4315 1086 4380 nostri
1105 4314 1179 4379 lesu
1195 4313 1329 4387 Christi,

231 4418 289 4502 qui
310 4406 538 4486 venturus'est
564 4420 711 4485 iudicare
732 4420 900 4485 saeculum
927 4438 985 4502 per
1007 4419 1128 4501 ignem.
1174 4416 1236 4482 Per
1258 4416 1330 4482 Do·

231 4523 402 4589 miuum¹⁰.

276 4626 421 4693 Benedic
447 4626 522 4692 huic
549 4628 675 4706 domui,
697 4627 853 4704 Domine,
880 4625 1019 4692 benedic
1044 4625 1188 4692 dominis
1210 4625 1332 4691 domus

232 4730 331 4797 huius
341 4754 350 4809 ς
373 4733 497 4815 respice
515 4733 558 4797 de
576 4732 678 4808 caelo,
695 4743 730 4798 et
744 4733 821 4796 vide
839 4731 954 4798 oculos
975 4731 1215 4796 misericordiae
1232 4738 1331 4805 tuae;

232 4835 324 4919 aperi
345 4855 440 4900 aures
462 4835 595 4920 pietatis
616 4846 704 4910 tuae,
727 4847 761 4900 et
782 4834 905 4900 inclina
930 4854 1030 4919 super
1055 4831 1245 4899 habitaculo
1267 4833 1331 4898 isto

233 4948 335 5024 atque
359 4938 600 5005 habitatoribus
630 4940 709 5017 suis,
735 4950 769 5006 et
796 4939 893 5004 mitte
915 4940 1087 5004 custodem
1115 4936 1268 5023 angelum
1297 4937 1332 5002 in

233 5044 372 5110 circuitu
388 5045 651 5128 supplicantium,
668 5046 725 5128 qui
747 5045 780 5108 in
796 5043 955 5110 lateribus
971 5044 1090 5108 domus
1106 5043 1199 5108 istius
1215 5040 1334 5126 iugiter

236 5149 389 5226 excubet,
405 5157 440 5214 et
461 5150 504 5214 ad
527 5149 714 5215 custodiam
738 5148 825 5214 illius
848 5157 1008 5235 perpetuo
1030 5153 1227 5231 perseveret,
1242 5146 1333 5212 cuius
