3352 5828
347 369 410 454 336
782 383 1013 443 APPENDJX.

165 548 243 604 Gerb.
641 544 793 609 Donrr'rrr'ca
807 558 906 610 sancta
919 552 961 610 ad
972 551 1006 614 S.
1019 550 1162 614 Marrirm.

164 631 209 682 pp.
222 630 313 685 Μ’·
448 657 486 718 D.
508 660 557 737 qni
577 659 719 724 hodierna
738 664 786 726 die
807 684 860 744 per
879 665 1072 746 Unigenitum

448 756 486 819 D.
508 758 558 837 qui
578 759 714 838 paschale
736 764 823 826 nobis
843 765 1005 827 remedium

450 855 580 936 Suscipe
591 877 621 938 q.
642 858 720 922 Dne.
739 880 842 940 preces
862 865 963 943 populi
983 866 1026 925 toi
1046 884 1114 927 cum
1134 863 1329 928 oblationibus

429 955 514 1016 sVD.
536 956 584 1017 Te
604 958 724 1036 quidem
744 961 827 1022 omni
846 972 977 1042 tempore
998 963 1051 1025 sed
1070 965 1101 1025 in
1120 964 1178 1027 hoc

448 1052 708 1118 Communicantes
729 1069 759 1119 et
779 1060 858 1121 diem

449 1151 538 1214 Hanc
558 1154 646 1232 igitur
666 1153 712 1235 (ut
729 1156 841 1239 supra.)

430 1250 589 1330 eSpiritum
609 1253 640 1313 in
661 1255 748 1315 nobis
769 1256 846 1318 Dne.
866 1265 936 1320 tuse
955 1259 1081 1322 caritads

449 1348 489 1410 Ο.
512 1366 536 1411 s.
556 1349 596 1412 D.
617 1353 666 1431 qui
686 1353 727 1413 ad
746 1365 896 1418 aeternam
915 1358 1004 1418 vitam

673 1483 726 1544 Aa
736 1498 877 1565 vesperum
890 1490 932 1550 ad
942 1489 975 1551 S.
989 1488 1130 1553 Ioannem.

431 1595 588 1659 *Concede
609 1618 638 1679 q.
659 1618 687 1662 o.
710 1600 748 1663 D.
771 1611 802 1663 ut
823 1604 873 1683 qui
893 1606 1112 1667 resurrectionis

816 1736 983 1818 Adsentes.

451 1845 570 1908 Praesta
591 1867 620 1928 q.
641 1867 669 1911 o.
691 1849 728 1910 D.
752 1862 784 1912 ut
805 1854 856 1932 qui
876 1853 1095 1914 resurrectionis

754 1985 809 2044 Ad
826 1982 859 2046 S.
873 1985 1030 2046 Andrean.

450 2095 568 2157 Praesta
588 2116 616 2177 q.
639 2115 667 2159 o.
689 2098 727 2158 D.
749 2110 781 2160 ut
802 2100 853 2178 qui
873 2102 997 2181 gratiam

430 2194 487 2256 sD.
508 2196 558 2275 qui
579 2212 635 2256 nos
655 2196 746 2258 fecisti
767 2198 910 2261 hodierna
930 2200 977 2261 die

167 2369 243 2422 ceris
697 2367 789 2427 Fertis
803 2364 896 2450 ri'[ad
906 2367 939 2429 S.
953 2365 1109 2451 Ριίνιινη]ι

450 2478 489 2541 D.
510 2481 560 2559 qui
581 2483 764 2545 solemnitate
784 2483 912 2562 paschali
933 2484 1045 2546 mundo

431 2579 589 2642 *PaschaIe
609 2583 779 2661 mysterium
800 2592 983 2643 recensentes

452 2677 608 2740 Paschales
629 2680 738 2742 hostias
758 2692 942 2742 recensentes

450 2775 519 2838 VD.
540 2776 606 2840 Nos
625 2779 738 2857 precari
757 2779 941 2840 clementiam
961 2789 1042 2839 tuam

453 2870 557 2956 [Hanc
578 2876 663 2956 igitur
682 2885 716 2936 ul
733 2873 846 2959 supra]

167 2450 210 2502 PP·
221 2447 262 2501 932
269 2447 311 2501 94·

432 2973 608 3051 *Impleatur
628 2976 659 3035 in
680 2976 767 3036 nobis
787 2974 863 3036 Dne.
884 2976 1056 3036 sacramenti

370 3088 424 3147 Ad
442 3100 514 3167 vesp.
556 3088 696 3150 Concede
717 3108 745 3168 q.
769 3106 798 3150 o.
819 3089 857 3149 D.
880 3089 981 3167 utqui
1001 3097 1189 3167 peccatorum

371 3204 536 3284 adfantes.
578 3203 616 3264 D.
637 3206 688 3282 qui
707 3204 851 3284 populum
872 3215 954 3265 tuum
971 3204 1008 3265 de
1029 3202 1120 3264 hostis

371 3317 423 3378 Ad
441 3317 473 3381 S.
489 3318 584 3379 Andr.
627 3317 767 3380 Concede
788 3337 817 3398 q.
837 3338 865 3380 o.
887 3317 924 3378 D.
946 3328 978 3378 ut
998 3317 1070 3379 festa
1090 3316 1256 3397 paschalia'

169 3494 247 3548 Gerb.
695 3485 786 3546 Ferr'a
801 3482 932 3547 rii'st.
945 3486 1081 3545 Paulum.

168 3577 211 3628 ¹³¹²
225 3573 314 3628 94=95·
450 3599 488 3661 D.
508 3601 559 3680 qui
578 3600 732 3662 ecclesiam
752 3610 834 3661 tuam
854 3618 933 3662 novo
953 3619 1068 3678 semper
1086 3599 1148 3661 fetu

451 3699 489 3760 D.
509 3699 648 3761 ecciesiae
667 3711 734 3760 tuae
754 3700 921 3779 redemptor
941 3709 1031 3778 atque
1053 3707 1206 3785 protector

451 3796 575 3875 Suscipe
594 3796 670 3858 Dne.
693 3816 722 3876 q.
743 3797 907 3859 oblationes
928 3797 1053 3858 familiae

450 3895 518 3956 VD.
539 3896 599 3971 Qui
620 3896 768 3957 oblatione
789 3896 835 3956 sui
856 3897 987 3975 corporis

452 3994 541 4056 Hanc
562 3995 647 4074 igitur
669 3993 846 4076 (utsupra.)

432 4094 589 4156 *Concede
608 4112 638 4172 q.
660 4112 689 4156 o.
710 4094 749 4154 D.
769 4104 802 4155 ut
822 4093 968 4174 paschalis
988 4093 1138 4172 perceptio

369 4209 422 4270 Ad
439 4221 511 4288 vesp.
552 4210 691 4271 Concede
712 4228 741 4288 q.
762 4228 791 4271 o.
813 4209 851 4271 D.
871 4220 905 4270 ut
926 4209 975 4288 qui
998 4208 1142 4287 paschalis

351 4326 534 4407 *adfantes
576 4325 695 4387 Praesta
716 4344 745 4404 q.
767 4344 795 4387 o.
816 4324 855 4384 D.
876 4334 908 4384 ut
928 4344 981 4403 per
1000 4322 1072 4385 haec
1092 4322 1238 4402 paschalia

370 4439 439 4524 [Ad
456 4440 487 4503 S.
502 4440 598 4503 Andr.
639 4441 676 4503 D.
700 4443 750 4520 qui
773 4440 917 4519 conspicis
937 4439 1076 4500 familiam
1097 4435 1190 4520 tuam]

382 4597 391 4626 ¹
408 4600 438 4649 R.
451 4600 525 4649 omits
538 4599 579 4649 the
589 4598 671 4648 words
682 4597 708 4648 in
719 4598 844 4659 brackets,
855 4595 962 4662 perhaps
974 4596 1013 4646 sor
1024 4611 1123 4646 reasons
1135 4593 1164 4645 oi
1171 4609 1252 4660 space.

349 4665 521 4781 Agdijebg'ises
532 4663 663 4715 ‘Concede
674 4679 699 4729 q.
711 4679 735 4713 o.
748 4663 789 4712 D!
801 4677 829 4712 ss
846 4662 891 4714 Aa'
904 4663 992 4713 Fontes
1004 4661 1053 4712 ond
1065 4661 1112 4711 Ἰ).
1124 4661 1166 4727 qui
1178 4656 1314 4727 populnm'
1326 4673 1354 4710 as
1365 4659 1409 4710 Ad
1420 4660 1448 4710 S.
