3352 5828
276 745 299 799 1.
310 744 364 812 xa]
593 743 805 804 nonanus
824 743 1070 802 accursus.
1307 752 1370 824 139

794 986 863 1042 xo.

638 1134 736 1199 Isau
757 1145 848 1199 anm
870 1131 1019 1199 Missn1.

324 1289 426 1367 Deus,
441 1289 500 1372 qui
519 1289 749 1354 sacrandorum
764 1288 825 1355 tibi
847 1297 1022 1355 auctores
1044 1306 1226 1366 munerum,
1240 1284 1468 1354 effundecut
1468 1292 1544 1347 aro

279 1411 379 1477 supet
403 1392 487 1457 hanc
506 1392 661 1459 orationis
686 1392 824 1457 domum
842 1392 1109 1459 benedictionem
1133 1400 1245 1470 tuam;
1268 1399 1306 1457 ut
1329 1391 1373 1456 ab
1428 1361 1467 1477 ἐξ
1478 1375 1537 1491 ἕξ,

280 1491 456 1561 omnibus¹
479 1496 704 1562 invocantibus
733 1516 854 1562 nornen
886 1504 983 1561 tuum
1012 1495 1212 1561 defensionis
1241 1488 1551 1586 [tuae]⁸1-‘0s1·²¹s

279 1599 440 1666 auxilium
455 1601 622 1666 sentiatur.
667 1600 731 1664 Per
746 1599 938 1667 Dominum.
952 1626 974 1683 γ

325 1720 426 1800 Deus,
441 1720 498 1805 qui
514 1740 559 1785 ex
581 1720 671 1785 omni
689 1720 901 1804 coaptatione
918 1730 1107 1788 sanctorum
1126 1729 1295 1787 aeternum
1313 1719 1374 1786 tibi
1401 1728 1478 1781 Geth.
1492 1725 1548 1779 πό.

280 1824 396 1890 condis
425 1823 660 1905 habitaculum,
687 1825 731 1890 da
765 1823 1030 1891 aedificationis⁴
1060 1835 1139 1891 tuae
1175 1824 1377 1892 incrementa
1401 1795 1551 1925 {2¹5¹}ss

280 1926 445 2003 caelestia,
466 1926 524 1993 et⁸
545 1948 685 2012 quorum
708 1928 762 1993 hic
788 1928 943 2014 reliquias
972 1929 1028 2012 pio
1055 1929 1190 1995 amore⁸
1212 1926 1377 2012 complec-

280 2031 381 2096 timur
397 2050 512 2096 eorum
526 2051 658 2116 semper
674 2031 798 2098 meritis
813 2033 1016 2099 adiuvemur.
1062 2032 1132 2097 Per.
1147 2056 1169 2115 γ

756 2221 902 2280 mos.

326 2332 551 2421 Omnipotens
571 2335 770 2419 sempiterne
787 2336 889 2414 Deus,
904 2335 1037 2400 effunde
1051 2354 1150 2418 super
1164 2333 1252 2400 hunc
1267 2333 1376 2399 locum
1403 2352 1478 2404 Gau
1492 2361 1546 2417 ιη.

282 2437 424 2522 gratiam
433 2448 539 2519 tuam,
547 2448 581 2505 et
595 2439 749 2505 omnibus
759 2448 794 2504 te
807 2436 1055 2506 invocantibus⁷
1069 2436 1185 2504 auxilii
1194 2438 1243 2504 tui
1258 2458 1378 2504 munus
1403 2417 1540 2536 ξξὸὴώ·

283 2540 456 2621 ostendet
481 2552 520 2608 ut
542 2541 597 2608 hic
621 2550 900 2609 sacramentorum
924 2543 1029 2608 virtus
1053 2542 1201 2607 omnium
1227 2540 1376 2607 fidelium
1402 2548 1444 2601 cr.
1456 2548 1526 2600 Meu.

283 2646 384 2711 corda
399 2643 581 2711 confirmet.
623 2645 687 2712 Per
705 2645 898 2712 Dominum.
1405 2613 1551 2682 ΨΜ)

211 2778 272 2837 615
330 2765 421 2831 ΝΒ.
443 2766 507 2830 Per
531 2765 701 2831 Christum
727 2766 908 2833 Dominum
933 2775 1091 2831 nostrum.
1137 2766 1199 2831 Per
1223 2785 1323 2850 quem
1344 2775 1380 2832 te
1404 2783 1480 2836 Gan
1494 2781 1551 2834 aso

285 2867 449 2956 supplices
475 2872 689 2954 deprecamur
714 2879 752 2936 ut
779 2868 884 2935 altare
907 2867 971 2935 hoc
996 2869 1119 2936 sanctis
1144 2870 1257 2935 usibus
1285 2889 1379 2953 prae·
1433 2862 1541 2979 2⁵13

286 2983 439 3058 paratum
469 2972 603 3038 caelesti
634 2972 841 3038 dedicatione
872 2971 1065 3050 sanctifices,
1094 2972 1151 3038 etl
1180 2973 1266 3039 sicut
1294 2971 1379 3038 Mel·
1403 2979 1486 3032 laeou.
1499 2991 1556 3043 no

286 3075 462 3142 chisedech
507 3075 688 3143 sacerdotis
733 3075 899 3160 praecipui
947 3074 1151 3141 oblationem
1187 3075 1380 3161 dignatione

288 3179 429 3246 mirabili
453 3178 637 3264 suscepisti,
661 3179 709 3245 ita
736 3178 892 3264 imposita
915 3199 1002 3245 novo
1024 3179 1101 3246 huic
1124 3179 1219 3245 altari
1244 3198 1381 3244 munera

285 3303 417 3370 semper
437 3294 577 3369 accepta
591 3282 674 3349 ferre
683 3281 710 3322 ¹⁰
724 3281 878 3368 digneris,
899 3292 936 3349 ut
955 3281 1099 3367 populus
1114 3292 1192 3349 tuus
1201 3279 1228 3320 ¹¹
1244 3283 1278 3346 in
1295 3282 1381 3349 hanc

286 3385 441 3454 ecclesiae
466 3388 603 3452 domum
627 3395 773 3453 sanctm
799 3383 1043 3464 conveniensu,
1069 3406 1129 3471 per
1151 3385 1233 3450 haec
1261 3381 1381 3468 pura¹¹

285 3488 444 3555 libamina
466 3490 600 3556 caelesti
621 3488 879 3556 sanctificatione
904 3488 1062 3565 salvatus,
1086 3488 1270 3553 animarum
1296 3508 1380 3572 quo-

285 3612 352 3677 que
372 3613 505 3658 suarum
525 3591 666 3658 salutem
682 3602 877 3676 perpetuam
886 3590 914 3631 ¹⁸
929 3597 1161 3676 consequatur.
1204 3593 1266 3658 Per
1280 3611 1380 3676 quem

286 3698 537 3779 maiestatemy

681 3790 778 3848 Intra
798 3789 977 3849 actium
1383 3854 1386 3862 ,

333 3903 431 3969 Hanc
453 3904 553 3988 igitur
567 3903 770 3970 oblationem
793 3903 909 3970 famuli
932 3900 986 3968 vel
1004 3901 1147 3969 famulae
1162 3911 1238 3967 tuae
1251 3901 1313 3968 Illi
1330 3900 1386 3967 vel

288 4005 408 4072 suasu
421 4028 522 4091 quam
540 4007 601 4072 tubi
616 4006 649 4072 in
671 4007 769 4074 huius
787 4006 902 4090 templi
923 4005 1218 4072 sanctificationem
1239 4003 1381 4072 ofiemnt

290 4109 527 4177 immolandam
537 4109 573 4192 ¹⁶,
587 4131 798 4196 quaesumus,
814 4110 969 4189 Domine,
987 4110 1161 4194 dignanter
1179 4110 1322 4189 intende,
1344 4119 1381 4175 ut

290 4215 410 4293 aulam,
424 4236 509 4299 quae
528 4214 616 4280 beati
637 4217 791 4299 martyris
805 4215 855 4281 tui
874 4213 975 4280 Illius
992 4213 1117 4279 meritis
1137 4215 1346 4299 aequipetere
1354 4212 1382 4252 ¹⁸

290 4338 359 4384 non
378 4319 491 4403 possit,
508 4329 584 4385 tuae
602 4318 759 4385 claritatis
777 4319 889 4384 vultus
910 4317 1061 4395 illustret,
1081 4315 1204 4401 fiatque
1226 4327 1285 4383 tua
1307 4337 1381 4401 pro·

290 4422 464 4507 pitiatione
502 4423 568 4488 tuis
602 4423 702 4489 sacris
740 4424 928 4507 sanctisque
967 4423 1069 4507 digna
1109 4421 1285 4503 mysteriis.
1330 4419 1383 4487 Sit

291 4534 445 4592 aeternae
474 4527 555 4592 lucis
580 4526 803 4593 habitaculum
833 4526 1018 4611 temporale
1027 4523 1072 4589 ¹⁷:
1103 4524 1184 4589 nihil
1210 4524 1263 4590 hic
1288 4545 1383 4589 mun·

291 4631 398 4696 danae
427 4631 541 4696 sordes
572 4631 846 4714 obscuritatisque
875 4629 1077 4719 possideant,
1107 4638 1143 4693 ut
1167 4628 1299 4693 veniens
1329 4627 1382 4694 hic

291 4733 434 4818 populus
463 4743 540 4798 tuus
568 4753 645 4800 suae
681 4742 900 4816 consequatur
929 4733 1087 4799 orationis
1118 4730 1281 4804 eflectum,
1310 4731 1382 4814 dig·

291 4856 439 4922 numque
449 4835 474 4876 ¹⁸
490 4837 598 4904 locum
619 4837 705 4902 hunc
725 4847 784 4903 tua
794 4836 821 4876 ¹⁹
835 4837 958 4902 sentiat
977 4836 1159 4913 maiestate,
1172 4834 1253 4899 dum
1272 4854 1293 4899 a
1313 4831 1383 4898 te‘⁰

291 4941 461 5026 postulata
498 4939 625 5007 fuerit'¹
664 4951 878 5006 consecutus:
912 4940 1021 5024 sitque
1060 4937 1309 5005 aedificantibus
1348 4937 1381 5001 in

291 5042 435 5131 pretio²²
451 5047 655 5124 delictorum,
671 5046 752 5110 dum
776 5067 796 5109 a
822 5055 856 5110 te
868 5043 896 5083 ²⁰
918 5065 985 5109 non
1007 5063 1068 5127 pro
1088 5044 1137 5108 sui
1157 5041 1267 5127 operis
1279 5061 1382 5126 quan·
