3352 5828
264 753 285 805 1.
295 753 397 821 mm]
570 752 783 810 ROMANAE
804 752 1048 812 Eccrnsmn.
1313 766 1356 835 43

682 926 739 984 Ad
760 926 941 997 Populum.

310 1040 513 1119 Benedictio,
533 1040 688 1118 Domine,
703 1039 932 1125 quaesumusl,
948 1040 982 1105 in
996 1049 1074 1106 tuos
1096 1038 1210 1107 fideles
1228 1039 1363 1125 copiosa
1388 1060 1421 1110 n
1432 1043 1475 1111 s.'

265 1146 459 1224 descendat,
483 1152 518 1210 et
542 1165 642 1230 quam
665 1145 822 1211 subiectis
846 1144 1002 1210 cordibus
1027 1154 1201 1228 expetunt,
1228 1145 1364 1230 largiter
1387 1122 1519 1256 ξιξ·

265 1256 517 1334 consequantur.
560 1249 631 1315 Per.

567 1421 668 1488 Ferro
689 1421 732 1487 iii
752 1419 908 1488 Hebdom.
930 1422 1056 1506 quinta.

312 1545 455 1624 Praesta,
476 1562 684 1628 quaesumus,
706 1542 853 1608 Domine
862 1538 899 1621 ¹⁰,
920 1550 958 1608 ut
983 1543 1231 1609 observatione
1253 1563 1363 1610 sacras
1388 1557 1544 1624 testanti)

209 1737 216 1748 .
266 1669 378 1715 annua
402 1647 576 1714 devotione
600 1646 780 1713 recolentes
804 1656 838 1712 et
862 1666 1000 1731 corpore
1025 1648 1087 1713 tibi
1115 1646 1306 1733 placeamus
1329 1655 1364 1714 et
1388 1625 1529 1755 193·ss

270 1762 390 1820 mente.
434 1753 505 1818 Per.
519 1778 550 1836 γ.
1223 1751 1291 1803 Mem
1306 1763 1365 1813 132.
1388 1757 1447 1807 xxvi
1456 1763 1543 1823 supra

312 1857 399 1931 Fiat,
410 1876 620 1941 quaesumus,
633 1855 778 1920 Domine
787 1851 821 1934 ¹¹,
835 1875 895 1938 per
909 1855 1052 1940 gratiam
1068 1863 1161 1921 tuam
1178 1853 1364 1919 fructuosus
1389 1865 1420 1944 qr.
1432 1865 1521 1916 imni

267 1969 398 2026 nostrae
412 1959 597 2027 devotionis
614 1958 759 2037 affectus,
774 1960 851 2042 quia
872 1969 953 2026 tunc
974 1959 1071 2024 nobis
1089 1961 1271 2045 proderunt
1293 1976 1364 2023 sus·
1390 1929 1513 2062 {fga

269 2073 366 2150 cepta
380 2063 498 2129 ieiunia
514 2063 542 2129 si
557 2072 634 2129 tuae
648 2064 714 2129 sint
729 2063 853 2147 placita
867 2063 993 2147 pietati.
1038 2063 1109 2129 Per.
1126 2090 1156 2146 y.
1389 2062 1459 2112 Pam
1474 2075 1528 2128 ²³⁹

740 2209 887 2266 secreto.

314 2321 468 2391 Concede
483 2321 587 2402 nobis,
601 2321 754 2399 Domine,
770 2340 977 2406 quaesumus,
989 2329 1026 2386 ut
1040 2320 1235 2387 celebraturi
1251 2329 1365 2388 sancta
1389 2336 1422 2387 R.
1433 2336 1459 2388 s

272 2427 430 2512 mysteria
440 2423 477 2506 ¹²,
491 2447 558 2493 non
569 2427 676 2493 solum
691 2426 924 2494 abstinentiam
934 2424 961 2466 ¹⁸
976 2425 1192 2511 corporalem,
1203 2424 1262 2490 sed
1273 2425 1364 2510 quod
1391 2403 1520 2522 gfff}

272 2541 324 2597 est
339 2532 459 2615 potius,
474 2530 657 2596 habeamus
674 2531 836 2596 mentium
854 2530 1042 2615 puritatem.
1087 2530 1160 2595 Per.
1390 2534 1459 2650 gan
1442 2535 1511 2652 13²

199 2699 255 2756 531
693 2676 942 2734 Postoommun
1392 2667 1450 2729 3⁸0·

315 2790 460 2876 Vegetet
485 2809 556 2866 nos,
580 2788 733 2868 Domine,
759 2809 890 2875 semper
914 2798 947 2854 et
969 2790 1103 2855 innovet
1128 2799 1208 2854 tuae
1233 2807 1366 2854 mensae
1391 2796 1462 2848 RS.

273 2894 397 2974 libatio,
411 2913 496 2978 quae
512 2891 724 2976 fragilitatem
740 2902 887 2958 nostram
897 2888 924 2932 ¹⁴
940 2893 1102 2976 gubernet
1113 2901 1148 2959 et
1161 2900 1318 2978 protegat
1332 2902 1367 2958 et
1392 2862 1521 2979 &w

272 2999 306 3064 in
320 3007 453 3083 portum
471 3006 651 3082 perpetuae
665 2996 781 3062 salutis
796 2997 939 3062 inducat
984 2995 1056 3060 Per.
1246 2993 1314 3045 Man
1326 3008 1366 3061 ⁵9·
1392 2993 1468 3045 [Μ
1480 3007 1538 3060 4¹⁵·

689 3140 745 3197 Ad
766 3140 947 3212 Populum.

315 3255 445 3334 Libera,
459 3255 613 3331 Domine,
627 3274 826 3339 quaesumus
835 3252 871 3330 ¹⁵,
889 3274 910 3317 a
930 3254 1076 3337 peccatis
1090 3263 1124 3318 et
1139 3250 1290 3319 hostibus
1304 3251 1366 3317 tibi
1391 3258 1423 3309 R
1434 3259 1459 3310 s

271 3359 429 3446 populum
441 3359 691 3444 supplicantem,
704 3368 740 3423 ut
752 3359 785 3422 in
795 3357 821 3397 ¹⁶
832 3366 948 3422 sancta
959 3357 1208 3422 conversatione
1217 3356 1365 3420 viventes
1391 3324 1466 3440 ffih
1473 3323 1530 3454 1611

271 3463 369 3529 nullis
382 3462 567 3529 afficiantur
580 3461 735 3527 adversis.
779 3460 842 3525 Per
858 3460 1051 3526 Dominum.
1066 3485 1097 3542 γ.
1244 3453 1538 3523 Men5u1aeon4os.

574 3639 676 3705 Feria
698 3641 733 3706 iv
754 3638 910 3704 Hebdom.
934 3641 1057 3721 quinta

316 3760 450 3838 Ieiunia,
479 3781 688 3846 quaesumus,
724 3760 879 3840 Domine,
911 3779 997 3844 quae
1032 3760 1135 3825 sacris
1171 3756 1369 3843 exequimur
1393 3768 1464 3820 Its,

272 3865 440 3944 institutis,
465 3875 499 3930 et
520 3886 581 3930 nos
603 3885 624 3929 a
645 3866 792 3930 reatibus
817 3863 938 3930 nostris
964 3883 1095 3946 semper
1117 3863 1308 3948 expediant,
1334 3871 1368 3927 et
1393 3834 1522 3886 GM*

274 3980 367 4035 tuam
382 3970 477 4035 nobis
490 3969 652 4034 iustitiam
666 3968 788 4035 saciant
803 3988 876 4033 esse
889 3966 1069 4052 placatam.
1114 3964 1186 4032 Per.

317 4074 459 4148 Praesta,
483 4093 693 4156 quaesumus,
714 4073 928 4157 omnipotens
950 4071 1052 4150 Deus,
1076 4080 1113 4135 ut
1137 4090 1222 4154 quos
1246 4068 1369 4135 ieiunia
1394 4084 1549 4153 mamm.)

273 4177 384 4243 votiva
393 4175 419 4215 ¹⁷
434 4179 604 4261 castigant,
621 4177 693 4263 ipsa
712 4195 845 4261 quoque
861 4176 996 4241 devotio
1018 4182 1134 4240 sancta
1149 4173 1315 4247 laetificet,
1332 4183 1369 4239 ut
1394 4151 1532 4281 19315161

275 4277 411 4343 terrenis
439 4276 609 4343 affectibus
643 4276 811 4362 mitigatis,
840 4275 969 4341 facilius
1001 4272 1157 4340 caelestia
1188 4274 1368 4359 capiamus.
1394 4282 1461 4334 Man
1474 4296 1513 4348 52,

276 4381 390 4466 pm,
742 4477 879 4533 soemo

320 4583 464 4660 Praesta,
478 4575 691 4669 [quaesumus
699 4574 752 4668 ¹⁸,]
769 4580 982 4664 omnipotens
997 4579 1099 4657 Deus,
1115 4588 1152 4644 ut
1174 4576 1369 4643 ieiuniorum
1394 4583 1549 4651 naman.)

275 4686 426 4772 placatus
447 4684 617 4763 sacrificiis,
632 4684 832 4750 remissionis
853 4693 933 4749 tuae
955 4703 1016 4748 nos
1033 4682 1130 4746 venia
1152 4681 1369 4767 prosequaris
1393 4650 1533 4780 19:¹ssss

277 4791 348 4856 Per.
1395 4781 1463 4833 Mes
1474 4779 1517 4833 ⁶0.

693 4882 946 4940 Postoommnn.

317 4988 459 5067 Adesto,
474 4987 623 5068 Domine,
633 4987 785 5053 fidelibus
795 4987 870 5065 tuis,
882 4997 916 5053 et
926 5007 1009 5071 quos
1020 4984 1218 5051 caelestibus
1230 4982 1336 5049 reficis
1344 4979 1370 5024 ¹⁰
1395 4983 1550 5052 ΗΜ)

275 5092 490 5160 sacramentis
504 5114 525 5159 a
539 5093 673 5159 terrenis
688 5112 845 5159 conserva
860 5091 1021 5179 periculis.
1068 5090 1130 5156 Per
1145 5088 1335 5156 Dominum
1395 5049 1524 5168 ἓξὲξ

1397 5183 1473 5236 leon
1487 5196 1544 5247 ⁴¹²·
