3352 5828
311 380 373 464 236
589 388 717 445 LIBER
736 388 1126 446 SACRAMENTORUM
1275 390 1403 457 [111.va

311 551 556 618 miserationum
583 562 714 618 tuarum
737 553 956 638 sperantibus,
979 565 1106 639 partem
1132 552 1277 638 aliquam
1300 555 1404 619 socie·

309 656 389 721 tatis
398 656 427 696 ⁶⁸
462 657 586 724 donare
621 657 764 742 digneris
773 654 802 696 ⁶⁴
834 679 910 724 cum
942 660 1008 723 tuis
1038 658 1159 724 sanctis
1184 658 1343 744 apostolis
1368 667 1404 723 et

311 761 523 845 martyribus,
540 783 615 828 cum
641 763 773 842 Ioanne,
797 761 975 848 Stephano,
998 762 1143 829 Matthia
1151 761 1191 840 ⁰⁶,
1206 762 1405 842 Bamaba⁶⁶,

312 864 452 948 ignatio,
467 865 674 946 Alexandro,
690 866 894 946 Marcellin0,
911 868 1019 946 Petro,
1035 868 1216 944 Felicitate,
1231 867 1404 952 Perpetua,

311 968 458 1053 Agathe,
496 970 608 1046 Lucia,
642 967 786 1054 Agneffl,
822 969 974 1046 Caecilia,
1009 970 1191 1036 Anastasia
1199 970 1227 1011 ⁰⁸
1257 979 1291 1037 et
1327 990 1405 1036 cum

312 1073 468 1138 omnibus
488 1074 610 1139 sanctis
631 1073 706 1152 tuis,
727 1073 814 1139 intra
835 1093 976 1156 quorum
1000 1094 1061 1140 nos
1082 1073 1281 1140 consortium
1293 1072 1321 1113 ⁸⁹
1335 1093 1406 1140 non

313 1178 505 1242 aestimator
529 1177 648 1251 meriti,
673 1178 731 1242 sed
757 1178 886 1258 veniae,
910 1198 1117 1263 quaesumus,
1144 1177 1281 1262 largitor
1289 1173 1318 1218 ⁷⁰
1342 1176 1404 1244 ad·

314 1279 421 1348 mitte
466 1281 528 1346 Per
542 1281 711 1347 Christum
730 1281 914 1346 Dominum
931 1292 1088 1348 nostrum.
1133 1282 1195 1348 Per
1208 1302 1309 1366 quem
1323 1279 1409 1348 haec

314 1384 434 1462 omnia,
464 1384 615 1463 Domine,
639 1404 769 1470 semper
794 1384 885 1452 bona
908 1405 1009 1464 creas,
1038 1384 1230 1463 sanctificas,
1251 1383 1406 1465 vivificas,

315 1487 490 1565 benedicis,
506 1499 539 1555 et
557 1497 705 1575 praestas
719 1490 824 1555 nobis·
869 1489 931 1556 Per
944 1491 1062 1577 ipsum,
1076 1498 1111 1555 et
1125 1509 1200 1555 cum
1220 1489 1303 1574 ipso,
1317 1496 1353 1554 et
1370 1489 1404 1554 in

314 1593 388 1675 ipso
413 1600 464 1658 est
488 1592 549 1658 tibi
572 1593 649 1658 Deo
675 1593 766 1660 Patri
796 1594 1016 1679 omnipotenti
1045 1594 1080 1658 in
1105 1593 1231 1659 unitate
1261 1592 1407 1676 Spiritus

313 1690 418 1760 ¹sancti
433 1697 540 1761 omnis
554 1694 660 1762 honor
675 1705 709 1762 et
723 1695 836 1781 gloria,
846 1717 906 1780 per
920 1697 1030 1763 omnia
1043 1695 1173 1763 saecula
1188 1695 1405 1762 saeculorum.

312 1797 471 1865 Amen⁷¹.

773 1964 945 2032 Oneuus.

359 2084 545 2170 Praeceptis
567 2084 764 2150 salutaribus
788 2087 906 2152 moniti
929 2097 963 2153 et
984 2086 1098 2152 divina
1120 2086 1327 2154 institutione
1342 2083 1410 2152 sor·

315 2188 407 2265 mati,
424 2189 584 2254 audemus
600 2186 762 2256 niceten:

358 2292 456 2359 Pater
470 2304 582 2360 noster
596 2295 653 2380 qui
668 2315 702 2360 es
718 2295 751 2358 in
768 2293 878 2360 caelis.
923 2290 990 2358 Sed
1006 2295 1111 2361 libera
1125 2315 1188 2362 nos
1203 2315 1223 2360 a
1238 2293 1330 2360 malo
1339 2291 1377 2359 ⁷³.

359 2413 481 2480 Libera
498 2435 567 2492 noS,
583 2435 792 2499 quaesumus,
809 2416 962 2493 Domine,
978 2417 1021 2481 ab
1037 2416 1190 2482 omnibus
1205 2416 1301 2480 malis
1315 2435 1408 2500 prae·
1423 2411 1484 2469 698

315 2517 430 2598 teritis,
444 2518 677 2600 praesentibus,
692 2528 727 2585 et
740 2519 858 2585 futuris
867 2517 906 2597 ⁷⁴,
916 2529 950 2584 et
964 2520 1189 2584 intercedente
1204 2540 1264 2602 pro
1279 2515 1410 2585 nobis⁷⁶

317 2621 415 2685 beata
446 2628 481 2686 et
512 2622 656 2703 gloriosa
688 2642 883 2707 semperque
893 2618 920 2661 ⁷⁰
949 2622 1076 2707 virgine
1111 2621 1178 2686 Dei
1214 2618 1410 2704 genitrice⁷²

320 2722 435 2802 Maria,
460 2733 494 2789 et
521 2725 642 2789 sanctis
671 2725 832 2805 apostolis
860 2725 927 2789 tuis
935 2722 962 2762 ⁷⁸
987 2725 1086 2790 Petro
1109 2735 1145 2790 et
1173 2724 1285 2803 Paulo,
1309 2734 1411 2808 atque

320 2825 504 2905 Andrea²⁹,
526 2828 570 2893 da
591 2828 750 2913 propitius
773 2848 889 2912 pacem
912 2829 945 2901 in
968 2828 1086 2895 diebus
1109 2828 1238 2906 nostris,
1253 2838 1290 2893 ut
1311 2826 1411 2911 ope⁸⁰

321 2930 562 2996 misericordiae
592 2940 668 2997 tuae
705 2933 820 3007 adiuti,
851 2942 885 2995 et
922 2952 942 2994 a
978 2928 1156 3015 peccatis⁸¹
1187 2931 1288 2995 simus
1318 2929 1410 2995 liberi

320 3053 450 3117 semper
460 3029 496 3112 ⁸²,
511 3043 545 3098 et
559 3035 602 3100 ab
616 3034 707 3099 omni
723 3036 971 3119 perturbatione
984 3036 1098 3099 securi
1144 3034 1212 3099 Per.

364 3153 436 3218 Pax
452 3154 589 3219 Domini
604 3154 648 3218 sit
663 3174 793 3237 semper
807 3155 977 3220 vobiscum
986 3153 1023 3218 ⁸⁸.

362 3256 458 3341 Resp.
483 3258 619 3323 Etcum
635 3257 761 3343 Spiritu
775 3268 844 3323 tuo.

140 3413 173 3463 R.
184 3411 211 3463 s,
364 3376 448 3442 Post
466 3377 579 3443 haec⁸⁴
593 3377 822 3443 commonenda
842 3377 928 3444 est⁸⁶
946 3378 1034 3461 plebs
1047 3387 1113 3462 pro
1129 3375 1280 3444 uiunii⁸⁸
1301 3378 1416 3462 quarti

140 3479 215 3530 Gerb·
228 3479 285 3542 ²³⁸·
321 3482 453 3564 septimi
464 3482 621 3547 etdecimi
634 3484 754 3548 mensis
770 3481 962 3565 temporibus
974 3483 1128 3561 sraeis,sivr
1137 3494 1197 3566 pro
1207 3479 1414 3561 scrutinioffl,

257 3645 263 3656 ,
321 3583 376 3648 vel
392 3585 526 3650 aurium
547 3586 757 3668 aporttbnum,
778 3586 850 3651 sive
871 3586 1032 3651 woradum
1047 3596 1112 3668 pro
1133 3584 1279 3670 infirmis
1300 3585 1354 3650 vel
1371 3586 1419 3651 ad

320 3687 574 3754 nuntiandum&
594 3687 751 3755 natalitia
770 3700 965 3755 sanctorum.
1006 3689 1091 3756 Post
1109 3690 1184 3755 hacc
1203 3691 1433 3755 communr'cat*

321 3792 468 3857 sacerdot
480 3813 552 3857 cum
567 3792 736 3859 ordinibus
750 3795 862 3869 sacris,
878 3793 904 3833 ⁸⁹
913 3814 986 3858 crem
1000 3795 1091 3859 omni
1100 3792 1220 3878 populo.
1416 3792 1418 3802 ’

746 3947 997 4005 Postoommun

141 4076 175 4128 le
367 4060 463 4145 Quos
497 4059 640 4141 caelesti,
670 4060 826 4140 Domine,
862 4061 1021 4127 alimento
1056 4061 1191 4140 satiasti,
1227 4060 1416 4147 apostolicis

140 4141 219 4194 cern.
232 4141 289 4206 ²³⁸·
324 4164 606 4231 intercessionibus
629 4165 672 4230 ab
699 4164 789 4229 omni
812 4186 882 4245 nos,
896 4185 1103 4250 quaesumus,
1125 4166 1323 4231 adversitate
1344 4186 1417 4232 cus·

322 4269 403 4335 todi.
448 4269 510 4334 Per
525 4268 753 4352 Dominumy

141 4403 177 4454 R.
369 4389 474 4467 Laeti,
486 4389 641 4466 Domine,
650 4390 854 4473 sumpsimus
869 4399 1073 4455 sacramenta
1088 4388 1257 4455 caelestia:
1280 4389 1307 4428 ⁹⁰
1319 4389 1417 4454 inter-

144 4467 224 4519 θεὼ·
234 4466 289 4530 ²³⁸·
325 4493 462 4558 cedente
484 4514 543 4577 pro
563 4493 658 4559 nobis
679 4494 779 4560 beata
793 4502 829 4558 et
842 4492 986 4578 gloriosa
1000 4513 1194 4578 semperque
1209 4493 1335 4576 virgine
1349 4492 1415 4558 Dei

325 4598 480 4683 genitrice
504 4597 619 4675 Maria,
638 4582 801 4663 advitam
824 4597 958 4664 nobis⁹¹
977 4595 1148 4681 proficiant
1169 4597 1416 4683 sempiternam.

326 4703 395 4769 Per.
