3352 5828
356 375 421 444 330
790 366 1020 423 suasuque

176 539 250 592 Getta
258 556 283 607 p.
291 552 330 606 53.
679 525 817 615 [Sabbata
836 533 878 591 ad
888 528 928 594 S.
950 530 1122 592 Susannam.

456 646 575 707 Praesta
594 664 623 724 q.
643 663 673 707 0.
694 645 732 705 D.
753 657 786 707 ut
806 646 931 725 dignitas

437 746 540 824 *Auge
559 744 648 807 fidem
668 754 749 806 tuam
769 745 846 810 Dne.
868 764 897 824 q.
917 745 1070 810 miseratus

438 843 531 905 *Dne.
553 843 591 905 D.
613 855 712 906 noster
732 845 783 924 qui
803 845 834 905 in
858 845 904 906 his
924 845 1021 924 potius

458 942 526 1004 Hos
545 941 622 1006 Dne.
643 959 719 1021 quos
739 943 833 1004 reficis
854 945 1042 1005 sacramentis
1062 943 1160 1004 attolle

457 1039 531 1101 Esto
551 1059 580 1120 q.
600 1039 676 1102 Dne.
697 1041 840 1121 propitius
860 1041 938 1121 plebi
958 1050 1024 1103 tuae
1044 1051 1074 1102 et
1094 1037 1183 1123 qnae]

177 1218 332 1285 Gerb.p.54.
584 1209 654 1296 [Ds'e
673 1212 834 1275 Domt'm'ca.
876 1213 969 1276 Stant
987 1215 1029 1275 ad
1045 1214 1232 1278 Hierusalem.

461 1328 599 1390 Concede
619 1348 648 1409 q.
669 1348 699 1391 o.
720 1329 759 1389 D.
779 1329 883 1409 utqui
904 1348 940 1391 ex
961 1330 1066 1392 merito

460 1426 542 1489 Deus
562 1427 614 1505 qui
633 1428 665 1488 in
685 1427 789 1489 deserti
810 1428 930 1508 regione

462 1525 615 1587 Sacrificiis
635 1526 837 1605 praesentibus
859 1526 936 1587 Dne.
956 1546 984 1606 q.
1005 1527 1123 1588 intende

443 1623 528 1687 aVD.
550 1623 745 1703 glorificantes
765 1634 796 1686 et
816 1624 853 1686 de
874 1624 1034 1703 praeteritis
1151 1623 1168 1641 ⁰

463 1721 511 1782 Da
529 1723 613 1783 nobis
634 1740 672 1782 m.
693 1722 732 1782 D.
752 1733 785 1783 ut
804 1733 905 1784 sancta
925 1733 974 1784 tua

463 1819 512 1880 Tu
532 1838 646 1898 semper
666 1838 695 1898 q.
716 1819 793 1881 Dne.
814 1830 896 1881 tuam
916 1817 1025 1903 attolle]

603 1990 706 2076 [Fertis
726 1996 753 2053 a·
769 1994 811 2054 ad
826 1993 882 2057 SS.
906 1993 1033 2068 Quatuor
1049 1994 1211 2057 Cormalos.

461 2108 595 2170 Proficiat
615 2126 644 2186 q.
667 2108 745 2170 Dne.
766 2108 851 2187 plebs
872 2110 923 2170 tibi
943 2108 1039 2171 dicata

462 2207 580 2267 Praesta
598 2225 626 2286 q.
647 2225 675 2267 o.
696 2206 734 2267 D.
754 2217 787 2268 ut
808 2206 910 2288 quiin
931 2217 981 2268 tua

463 2305 583 2366 Cunctis
603 2323 658 2365 nos
678 2299 757 2367 Dne.
777 2306 903 2367 reatibus
924 2316 952 2367 et
972 2307 1109 2385 periculis

462 2403 559 2463 Divini
578 2403 673 2463 satiati
694 2404 823 2464 muneris
843 2403 974 2482 largitate

464 2500 593 2562 Tueatur
613 2519 641 2579 q.
662 2499 739 2561 Dne.
760 2501 880 2562 dextera
898 2498 961 2584 tua]

183 2684 261 2736 Gerb.
547 2672 650 2757 [Fm'a
670 2677 709 2734 s'it'
725 2677 766 2734 ad
782 2674 815 2736 S.
836 2675 1024 2735 Laurentium
1045 2679 1077 2735 ais
1096 2673 1266 2759 Damaso¹].

182 2747 323 2816 pp'⁵⁵'⁵⁶'
466 2790 570 2851 Sacrae
590 2790 676 2852 nobis
695 2789 773 2850 Dne.
792 2809 822 2870 q.
842 2791 1051 2854 observationis

446 2889 639 2949 *Exercitatio
659 2886 825 2967 (Exorcicio
847 2885 896 2967 R.)
916 2889 1081 2950 veneranda
1101 2890 1177 2952 Due.
1199 2890 1297 2950 ieiunii

466 2987 590 3047 Purifica
610 3005 665 3046 nos
684 3005 725 3048 m.
748 2985 786 3046 D.
806 2996 838 3047 ut
858 2986 998 3047 ecclesiae

467 3083 611 3144 Caelestia
632 3084 711 3144 dona
731 3085 916 3162 capientibus
936 3102 965 3162 q.
985 3083 1064 3143 Dne.

466 3181 605 3242 Miserere
625 3181 703 3242 Dne.
724 3183 836 3261 populo
857 3195 908 3244 tuo
929 3194 958 3243 et
978 3184 1124 3243 continuis

183 3359 260 3416 Gerb.
364 3357 454 3418 Ferr‘a
468 3361 497 3418 iv
511 3361 552 3418 ad
561 3357 594 3419 S.
608 3358 735 3418 Paulum
747 3355 796 3437 (R.
807 3356 945 3446 addsssb.
961 3358 1011 3416 ti‘t's‘
1019 3356 1081 3418 Hic
1083 3360 1167 3438 sacis
1181 3360 1223 3419 ad
1232 3359 1292 3419 αἴν’
1302 3358 1464 3440 apansa).

182 3446 226 3496 pp.
238 3429 329 3496 Μ’
467 3474 503 3536 Ο.
525 3493 547 3535 s.
567 3474 605 3536 D.
628 3474 678 3553 qui
699 3485 728 3534 et
748 3474 831 3534 iustis
850 3474 979 3552 praemia

465 3574 583 3633 Praesta
603 3582 631 3651 q.
653 3591 680 3633 o.
702 3572 740 3632 D.
760 3581 792 3632 ut
813 3589 888 3651 quos
908 3571 1013 3632 ieiunia
1032 3572 1129 3633 votiva

467 3671 611 3749 Supplicia
632 3670 709 3731 Dne.
729 3680 759 3732 te
780 3689 919 3750 rogamus
943 3669 1040 3730 uthis
1061 3671 1209 3732 sacrificiis

466 3769 654 3832 Sacramenta
675 3788 751 3848 quae
772 3768 950 3848 sumpsimus
971 3767 1049 3829 Dne.
1070 3767 1108 3829 D.
1131 3781 1230 3830 noster

465 3870 586 3935 Pateant
606 3885 691 3929 aurea
711 3868 926 3929 misericordiae
947 3877 1014 3927 tuae

538 4043 629 4104 Fertis
649 4065 668 4105 a
689 4046 730 4104 ad
747 4043 779 4105 S.
801 4044 970 4105 Silvestrum
992 4042 1041 4124 (R
1065 4043 1139 4104 adds
1159 4044 1215 4104 lib.
1237 4044 1313 4123 aiil).
1370 4060 1376 4070 ·

466 4160 584 4220 Praesta
604 4178 632 4238 q.
654 4159 730 4220 Dne.
752 4171 784 4218 ut
803 4160 977 4220 salutaribus
997 4159 1110 4219 ieiuniis

466 4258 534 4318 Tua‘
555 4277 610 4319 nos
631 4258 707 4320 Dne.
727 4259 910 4337 protectione
932 4257 1055 4319 deiende

466 4345 614 4417 Efficiatur
634 4356 706 4416 haec
727 4356 821 4416 hostia
841 4356 920 4416 Dne.
940 4374 969 4434 q.
991 4357 1170 4417 solemnibus

469 4456 573 4515 Sancta
595 4465 644 4514 tua
665 4473 720 4515 nos
739 4454 816 4515 Dne.
838 4473 867 4533 q.
888 4465 918 4515 et
937 4455 1112 4516 vivificando

469 4552 572 4631 Populi
593 4554 633 4613 tui
654 4553 692 4612 D.
714 4554 857 4615 institutor
877 4563 906 4613 et
927 4564 1022 4613 rector

466 4699 474 4728 ¹
490 4702 521 4753 R.
533 4701 644 4753 contains
655 4701 696 4753 the
708 4717 811 4767 prayers,
824 4701 869 4752 but
881 4700 925 4751 has
936 4702 986 4753 lost
998 4702 1039 4752 the
1052 4701 1166 4769 heading,
1178 4701 1206 4752 oi
1215 4702 1264 4752 this
1276 4702 1365 4752 Missa.
