3352 5828
294 815 455 946 lllllxdxi]
603 880 817 938 ROMANAE
837 881 1080 940 ECCLESIAE.
1324 884 1384 954 275

804 1079 875 1136 nx.
950 1060 953 1064 “

659 1211 756 1277 Irsu
780 1224 870 1277 nuru
892 1212 1021 1277 M1ssn.

338 1347 439 1426 Deus,
467 1349 522 1433 qui
554 1350 762 1436 providentia
791 1361 851 1417 tua
880 1351 1035 1416 caelestia
1063 1349 1161 1416 simul
1191 1357 1225 1414 et
1257 1359 1385 1415 terrena
1410 1358 1480 1409 Pam
1492 1370 1549 1422 445·

295 1453 482 1528 moderaris,
497 1454 674 1538 propitiare
690 1454 874 1520 Romanis¹
891 1456 989 1520 rebus
1004 1465 1038 1520 et
1053 1454 1204 1539 regibus3
1225 1461 1262 1518 ut
1277 1453 1386 1519 omnis
1412 1423 1481 1475 usn.
1496 1436 1552 1488 ²⁰⁵·

294 1553 438 1621 hostium
453 1555 620 1637 fortitudo,
631 1566 666 1623 te
676 1577 738 1641 pro
753 1559 849 1624 nobis
861 1569 1039 1645 pugnante,
1056 1556 1232 1641 frangatur.
1273 1553 1350 1621 Per.
1365 1583 1386 1641 γ

341 1675 441 1755 Deus,
470 1678 681 1743 servientium
717 1679 779 1745 tibi
816 1678 975 1745 fortitudo
1012 1698 1196 1764 regnorum,
1225 1677 1387 1762 propitius
1413 1684 1480 1736 Men.
1494 1697 1549 1746 sos·

295 1781 440 1847 Romani
454 1782 596 1847 nominis
610 1778 702 1848 esto*
717 1783 940 1868 principibus3
961 1792 998 1848 ut
1007 1802 1148 1867 quorum
1163 1781 1223 1847 tibi
1238 1780 1387 1845 subiecta

296 1893 346 1951 est
360 1885 536 1963 humilitas,
553 1906 667 1953 eorum
681 1887 803 1972 ubique
817 1886 1032 1953 excellentior
1045 1887 1089 1953 sit
1100 1894 1259 1971 potestas.
1283 1885 1353 1950 Per.
1367 1911 1388 1967 γ

340 2005 441 2085 Deus,
465 2008 556 2072 cuius
586 2027 723 2092 regnum
751 2007 843 2074 nulla
871 2006 1002 2074 saecula
1027 2015 1271 2091 praevenerunt,
1297 2005 1387 2070 nulla

294 2110 524 2190 conclaudunt,
547 2110 804 2196 supplicationes
834 2124 962 2179 nostras
990 2110 1170 2178 clementer
1197 2108 1329 2189 exaudi,
1354 2117 1388 2173 et

211 2211 270 2268 730
298 2214 540 2280 Rom-anorum
556 2235 694 2298 regnum
710 2215 770 2281 tibi
787 2216 957 2281 subditum
973 2225 1111 2300 protege
1120 2214 1341 2299 principatum
1353 2211 1386 2290 ³3

295 2327 332 2382 ut
353 2318 387 2382 in
408 2327 467 2388 tua
488 2319 610 2384 virtute
631 2317 770 2385 fidentes
792 2318 1037 2417 omnibus-siut
1058 2318 1209 2383 hostibus
1230 2317 1388 2382 fortiores.

295 2421 367 2487 Per.

771 2517 917 2576 moron.

342 2629 533 2714 Propitiare,
545 2629 689 2696 Domine
691 2649 823 2715 preces
832 2640 867 2694 et
878 2629 1003 2695 hostias
1015 2627 1029 2666 ⁴
1043 2626 1238 2694 famulorum
1248 2636 1391 2705 tuorum,
1416 2646 1486 2696 Pam.
1497 2658 1553 2708 445·

298 2741 332 2799 et
350 2743 485 2819 propter
499 2755 622 2800 nomen
637 2743 731 2800 tuum
747 2734 890 2800 Romani
905 2732 1059 2818 imperii⁸
1074 2731 1215 2798 deiende
1230 2741 1391 2811 rectores3
1417 2711 1485 2761 Μ
1499 2724 1554 2775 ²⁰⁵·

299 2845 336 2901 ut
362 2837 451 2903 salus
467 2838 678 2904 servientium
698 2838 759 2904 tibi
779 2835 1023 2925 principatum⁸
1048 2857 1115 2921 pax
1139 2844 1269 2901 tuorum
1287 2835 1391 2920 possit

299 2961 371 3007 esse
385 2940 593 3026 populorum.
639 2941 747 3024 Peny

724 3128 973 3186 Postoommnn.

345 3240 494 3325 Protege,
522 3240 676 3316 Domine,
700 3239 842 3307 famulos
864 3250 940 3306 tuos
966 3239 1119 3304 subsidiis
1143 3239 1243 3324 pacis,
1266 3249 1300 3304 et
1321 3258 1393 3305 cor·
1417 3243 1488 3293 Pam
1499 3256 1556 3307 με

301 3346 390 3428 poris
399 3342 461 3409 'et
476 3344 677 3428 spiritalibus
694 3346 860 3410 enutriens
875 3342 1048 3422 alimentis,
1062 3342 1221 3409 acunctis
1241 3341 1393 3408 hostibus
1418 3308 1564 3436 132²}ss

301 3449 403 3514 redde
417 3468 558 3514 securos.
602 3448 674 3513 Per
689 3473 710 3530 y

332 3599 564 3653 ¹Ckn'stianmne
575 3601 645 3650 Pam.
657 3599 726 3652 bien.
856 3597 1006 3664 ‘propulsas
1019 3596 1393 3649 ctnsrrunorunademstm

299 3664 469 3718 ⁸¹⁰Seenote
479 3666 664 3730 onlriisuprn
799 3663 1145 3741 prmdmethosn'ul’nm.
1157 3663 1241 3722 uena
1258 3662 1394 3714 V.utext

301 3729 1185 3862 (1¹⁶“¹l',„..,..⁶⁴.'l“lrh”l“'nill⁰‘(.l⁰li?
1188 3728 1392 3870 tw,

300 3860 766 3927 'mduiiir‘spascecorpom‘slaeom
788 3859 900 3910 V..Pem
912 3859 980 3910 lieri.
994 3867 1098 3911 estest.
1131 3857 1394 3909 'l’heeltemtionhn

299 3929 362 3980 been
378 3926 458 3985 mede,
470 3944 527 3993 very
539 3927 655 4006 ponibly,
667 3936 695 3977 to
712 3924 740 3975 fit
754 3897 797 3978 the
810 3924 1031 3976 Postsommunlon
1045 3925 1084 3976 lor
1099 3926 1132 3976 lts
1148 3923 1241 3990 plene
1234 3939 1261 3974 tn
1272 3922 1304 3977 V
1321 3923 1393 3974 Pam.

302 3993 369 4045 Men.
380 3993 413 4057 by
424 3994 466 4044 the
477 4001 585 4081 mention
597 3993 627 4043 oi
634 4007 718 4058 penne

800 4286 892 4344 m.

668 4419 764 4485 lrsu
787 4431 876 4482 nun
901 4416 1029 4484 Mrssn.

347 4560 449 4638 Deus,
472 4561 504 4626 in
530 4571 563 4625 te
587 4559 789 4643 sperantium
812 4555 910 4634 salus,
933 4566 967 4621 et
992 4553 1202 4621 servientium
1225 4551 1395 4629 fortitudo,

302 4667 432 4748 suscipe
447 4664 606 4748 propitius
628 4682 741 4746 preces
757 4671 896 4738 nostras,
910 4667 945 4724 et
968 4658 1112 4723 Romani
1130 4657 1256 4742 imperii
1277 4656 1393 4722 adesto

304 4771 506 4847 rectoribus3
540 4778 586 4846 ut,
616 4769 681 4832 tuis
709 4763 853 4833 consiliis
882 4763 1040 4847 inspirati,
1069 4772 1147 4827 tuae
1175 4758 1395 4845 opitulatione

303 4875 431 4953 muniti,
449 4874 621 4938 adversum
647 4871 760 4936 omnia
780 4869 930 4934 resistere
952 4865 1039 4931 sibi¹
1061 4885 1154 4932 arma
1175 4863 1394 4950 praevaleant

304 4977 374 5041 Per.

347 5098 451 5176 Deus,
474 5108 508 5162 et
534 5094 724 5180 temporalis
747 5094 836 5159 vitae
861 5102 978 5159 auctor
1000 5100 1035 5155 et
1055 5101 1217 5169 aeternae,
1243 5089 1396 5192 miserere

303 5201 524 5286 supplicum
516 5220 548 5265 tn
578 5211 637 5266 tua
666 5198 870 5283 protectione
896 5195 1079 5272 fidentium,
1105 5203 1141 5260 ut
1167 5214 1226 5279 per
1249 5177 1396 5258 virtute¹

820 5314 879 5366 Ta
