3352 5828
326 389 389 455 270
604 380 731 437 LIBER
751 376 1139 439 SACRAMENYORUM
1303 376 1367 445 [111.
1377 376 1423 430 liv.

324 545 417 631 prole
431 544 593 630 benignus
608 546 752 627 exaudi;
773 554 811 611 ut
829 544 1074 610 firmamentum
1094 543 1177 630 spei,
1195 544 1288 628 quod
1308 542 1341 608 in
1361 550 1424 608 tua

325 650 548 718 misericordia
563 651 682 734 posuit,
697 647 750 715 ei²
765 671 809 716 ex
824 647 1004 734 percepto⁸
1020 669 1155 715 munere
1168 648 1259 734 quod
1272 647 1423 734 postulat

324 755 546 822 confirmetur.
590 755 660 821 Per.
1377 822 1382 830 ,

370 878 472 953 Deus,
488 877 544 961 qui
560 876 773 962 opprobrium
788 875 967 942 sterilitatis
982 895 1003 940 a
1019 873 1145 942 Rachel
1164 873 1325 953 auferens,
1338 874 1422 939 dum

326 981 498 1046 anxietate
529 979 655 1064 prolem
692 987 865 1063 quaereret
895 979 1015 1044 meruit
1042 977 1218 1045 fecundare
1226 975 1251 1054 ⁴,
1275 976 1423 1042 concede

327 1085 499 1169 propitius,
523 1094 560 1149 ut
580 1083 704 1149 famula
725 1094 784 1149 tua
805 1082 872 1148 Illa
898 1083 931 1147 in
955 1102 1068 1148 earum
1091 1079 1310 1147 feminarum⁸
1334 1100 1423 1165 quae

327 1187 389 1253 tibi
410 1187 604 1273 placuerunt
626 1197 749 1253 sortem
770 1187 981 1253 fecunditatis
996 1186 1151 1270 accipiat,
1168 1195 1203 1252 et
1224 1186 1314 1271 quod
1337 1183 1421 1252 fide·

328 1291 403 1358 liter
417 1313 439 1358 a
453 1302 511 1359 tua
526 1292 650 1378 pietate
664 1292 816 1376 deposcit
831 1291 991 1357 obtineat.
1036 1291 1107 1357 Per.

373 1412 595 1498 Omnipotens
609 1414 810 1497 sempiterne
826 1413 927 1491 Deus,
941 1413 998 1497 qui
1019 1412 1211 1478 continuum
1229 1412 1331 1478 etiarn
1345 1421 1424 1496 post

330 1515 496 1582 futuram⁶
513 1517 556 1582 ad
581 1526 616 1583 te
639 1537 770 1602 precem
787 1517 949 1600 gemitum
964 1517 1096 1594 Annae,
1110 1517 1192 1583 dum
1215 1536 1290 1582 enm
1312 1516 1423 1582 fecun-

329 1623 435 1698 dares,
464 1621 498 1685 in
527 1621 685 1706 gaudium
715 1620 914 1700 convertisti,
943 1620 1143 1687 desiderium
1173 1618 1317 1686 famulae
1345 1629 1425 1684 tuae

329 1724 436 1802 lllrirs,
451 1733 489 1790 ut
502 1724 702 1802 fecundetur,
717 1724 882 1808 propitius
896 1723 1027 1809 perfice,
1042 1733 1075 1788 et
1090 1724 1135 1789 ad
1153 1722 1286 1789 laudem
1301 1721 1426 1808 gloriae

329 1837 408 1894 tuae
421 1829 465 1894 ab
481 1848 520 1893 ea
534 1827 747 1913 opprobrium
764 1827 946 1893 sterilitatis
961 1827 1125 1911 benignus
1139 1835 1259 1892 averte
1305 1827 1376 1892 Per.

374 1949 475 2028 Deus,
486 1947 578 2014 cuius
589 1947 718 2014 occulto
729 1945 867 2013 consilio
879 1946 954 2013 ideo
967 1945 1165 2012 Helisabeth
1181 1946 1301 2012 sterilis
1313 1957 1426 2012 uterus

330 2053 454 2131 extitit,
480 2061 517 2117 ut
542 2053 742 2137 quandoque
767 2050 917 2136 angelica
942 2052 1054 2135 potius
1075 2071 1159 2118 voce
1185 2050 1426 2130 fecundaretur,

329 2157 473 2225 concede
488 2157 651 2241 propitius
672 2164 710 2221 ut
731 2157 816 2222 sicut
834 2156 890 2221 illa
913 2155 946 2220 in
972 2156 1109 2223 Iudaico
1130 2154 1259 2241 populo
1273 2174 1425 2241 praecur-

330 2281 438 2327 sorem
463 2261 607 2338 Domini,
623 2261 670 2326 ita
686 2260 809 2326 famula
829 2269 886 2325 tua
904 2259 971 2326 Illa
991 2261 1024 2325 in
1044 2260 1122 2341 filio,
1142 2260 1200 2344 qui
1220 2261 1263 2326 ad
1283 2259 1425 2327 creduli·

329 2375 434 2432 tatem
450 2364 511 2430 tibi
526 2364 623 2430 huius
638 2363 753 2448 populi
772 2384 854 2448 pure
869 2364 1041 2442 deserviat,
1056 2364 1263 2430 fecundetur.
1309 2364 1378 2429 Per.

374 2485 477 2564 Deus,
505 2483 563 2567 qui
595 2481 787 2549 anxietate⁷
818 2482 977 2550 sterilium
1007 2484 1062 2568 pie
1098 2483 1285 2568 respiciens,
1314 2484 1348 2549 in
1377 2485 1426 2549 eis

331 2588 564 2655 fecunditatem
579 2588 681 2653 etiam
696 2590 729 2652 in
746 2608 805 2652 sua
820 2588 1050 2672 desperatione
1065 2589 1258 2653 mirabiliter
1271 2589 1427 2672 operaris,

331 2693 476 2759 concede
491 2691 653 2777 propitius
668 2701 706 2757 ut
720 2690 844 2757 famula
863 2700 921 2756 tua
937 2690 992 2756 illa
1012 2692 1056 2755 de
1076 2692 1289 2776 percipienda
1303 2692 1431 2768 sobole,

332 2796 422 2880 quod
438 2815 498 2880 per
511 2816 625 2861 senon
635 2795 757 2874 valet·
773 2795 856 2860 servi
870 2795 919 2861 tui
933 2794 1085 2879 Gregorii
1098 2806 1265 2861 mereatur
1275 2795 1428 2880 precibus
1443 2811 1506 2868 726

334 2899 491 2966 obtinere
537 2899 606 2964 Per.
1479 2919 1485 2930 ·

378 3018 602 3104 Omnipotens
627 3019 826 3102 sempiterne
850 3019 950 3096 Deus,
976 3020 1034 3104 qui
1060 3030 1247 3086 maternum
1273 3021 1429 3087 affectum

335 3144 396 3188 nec
412 3125 446 3187 in
461 3124 532 3206 ipsa
546 3142 637 3188 sacra
652 3142 783 3204 semper
796 3122 921 3206 virgine
936 3122 1052 3199 Maria,
1069 3144 1155 3206 quae
1167 3124 1429 3207 Redemptorem

335 3236 486 3291 nostrum
510 3226 634 3309 genuit,
659 3225 840 3307 denegasti,
866 3226 1010 3291 concede
1034 3227 1197 3311 propitius
1221 3235 1259 3290 ut
1282 3227 1429 3293 eiusdem

338 3329 402 3395 Dei
440 3330 608 3414 genitricis
637 3326 812 3413 precibus⁸
842 3328 965 3394 famula
998 3340 1056 3394 tua
1085 3329 1152 3394 Illa
1185 3350 1258 3394 esse
1286 3331 1430 3414 genitrix

337 3443 509 3499 mereatur.
555 3433 625 3498 Per.

446 3551 450 3561 ¹
810 3528 956 3585 &oreta

380 3640 528 3725 Suscipe,
555 3642 705 3721 Domine,
736 3661 848 3724 preces
877 3651 1007 3706 nostras
1030 3661 1106 3706 cum
1136 3642 1326 3708 muneribus
1354 3642 1431 3707 hos·

337 3746 467 3825 tiarum,
489 3766 572 3829 quas
593 3766 654 3829 pro
672 3743 796 3810 famula
810 3754 873 3809 tua
894 3743 960 3809 [lla
975 3744 1170 3811 clementiae
1192 3757 1270 3812 tuae
1291 3746 1432 3831 supplici

338 3861 449 3916 mente
473 3847 670 3925 deferimus3
705 3859 742 3914 ut
772 3851 851 3932 quia
873 3848 1029 3914 affectum
1055 3847 1198 3914 filiorum
1226 3851 1374 3915 maxime
1398 3851 1432 3914 in

338 3963 481 4020 matrum
510 3954 687 4020 visceribus
718 3953 874 4032 indidisti,
901 3972 1083 4019 maerorem
1112 3954 1359 4021 infecunditatis
1387 3956 1432 4021 ab

339 4078 379 4122 ea
400 4058 606 4137 submoveas,
622 4069 656 4123 et
675 4058 717 4123 ad
738 4058 989 4141 concipiendam
1008 4056 1158 4123 sobolem
1180 4060 1434 4124 misericorditer

339 4163 523 4228 benedicas.
568 4162 639 4229 Per.

738 4265 835 4323 Iutrs
856 4267 1033 4324 sotionem.

383 4379 482 4444 Hanc
498 4379 597 4460 igitur
611 4359 821 4443 oblationem
832 4381 999 4445 servitutis
1014 4390 1152 4455 nostrae,
1169 4380 1228 4444 sed
1247 4384 1280 4445 et
1295 4388 1433 4445 cunctae

340 4482 483 4549 familiae
504 4477 643 4570 [tuae]⁹,
657 4502 756 4566 quam
778 4484 838 4548 tibi
858 4485 1027 4549 offerimus
1049 4505 1109 4568 pro
1131 4483 1256 4549 famula
1278 4495 1338 4549 tua
1359 4482 1434 4559 Illa,

341 4607 549 4672 quaesumus,
567 4587 719 4666 Domine,
734 4597 770 4652 ut
784 4588 935 4670 placatus
958 4590 1133 4672 suscipias:
1157 4609 1218 4672 pro
1236 4609 1302 4672 qua
1319 4591 1435 4653 maies-

341 4692 403 4755 tati
434 4700 508 4756 tuae
538 4691 701 4775 supplices
731 4690 897 4757 fundimus
928 4712 1050 4774 preces,
1080 4703 1117 4758 ut
1152 4693 1335 4757 orationem
1365 4693 1435 4757 eius
