3352 5828
281 791 301 844 1.
313 792 420 860 mn]
585 793 800 851 ROMANAE
820 793 1064 852 accensum
1330 789 1371 867 ⁶7

279 956 416 1034 tatione,
439 956 602 1023 diabolica
629 958 742 1024 fraude
766 959 919 1024 vitiatum
943 967 1003 1033 est,
1029 968 1063 1023 et
1085 957 1204 1023 unitati
1228 956 1374 1042 corporis

206 1065 267 1124 558
279 1060 436 1128 ecclesiae
452 1061 635 1127 membrum
650 1072 728 1127 tuae
743 1094 755 1119 ο
771 1062 1006 1147 redemptionis
1021 1068 1170 1126 annecte.
1215 1060 1373 1126 Miserere

278 1165 471 1250 gemituum,
487 1165 638 1231 miserere
652 1165 869 1242 lacrimarum,
881 1175 916 1232 et
930 1186 997 1231 non
1012 1165 1191 1231 habentem
1206 1163 1372 1243 fiduciam,

279 1269 344 1334 nisi
369 1270 402 1334 in
429 1268 649 1336 misericordia
673 1279 739 1348 tua,
763 1271 807 1337 ad
830 1279 1072 1336 sacramentum
1099 1267 1373 1334 reconciliationis

278 1373 418 1439 admitte
427 1372 464 1454 ⁶¹,
478 1374 556 1458 quia
578 1373 697 1439 nullius
719 1374 850 1439 animae
871 1374 906 1438 in
927 1373 991 1439 hoc
1014 1393 1151 1457 corpore
1173 1372 1373 1438 constitutae

279 1476 421 1542 difficilis
435 1478 525 1562 apud
539 1488 581 1554 te,
596 1486 655 1543 aut
677 1477 774 1542 tarda
793 1477 920 1543 curatio
940 1486 999 1544 est.
1043 1477 1167 1542 Fidelis
1182 1476 1271 1542 enim
1286 1497 1323 1542 es
1337 1477 1372 1540 in

278 1581 387 1647 verbis
402 1581 476 1660 tuis,
491 1582 547 1666 qui
562 1602 756 1648 conversum
770 1590 978 1666 peccatorem
993 1602 1060 1647 non
1076 1580 1176 1666 longa
1185 1588 1372 1664 temporum

279 1685 386 1771 spatia
401 1685 627 1767 differendum,
640 1686 699 1751 sed
719 1706 801 1750 mox
819 1695 856 1751 ut
872 1687 905 1750 in
927 1695 962 1751 te
975 1684 1155 1770 gemuisset
1170 1683 1285 1750 dixisti
1300 1703 1374 1749 esse
1430 1755 1435 1762 ,

281 1783 583 1878 [audiendumffiri
628 1790 697 1855 Per.

336 1933 451 2001 Oratio
461 1933 490 1975 ⁶³
496 1946 573 2020 post
585 1936 882 2036 reconciliationem,
898 1933 950 2000 vel
958 1941 1167 2024 posteaquam
1181 1954 1320 1999 commu·

738 2040 907 2104 notaverit.

322 2150 414 2216 Deus
428 2151 486 2234 qui
501 2150 728 2216 confitentium
752 2150 813 2216 tibi
836 2151 935 2218 corda
955 2150 1118 2235 purificas,
1133 2159 1168 2215 et
1182 2158 1374 2217 accusantes
1398 2165 1423 2216 s„

280 2273 315 2318 se
344 2255 560 2320 conscientias
589 2254 633 2319 ab
661 2255 751 2319 omni
776 2253 906 2320 vinculo
940 2255 1122 2338 iniquitatis
1151 2253 1305 2334 absolvis,
1330 2254 1375 2319 da

280 2357 516 2442 indulgentiam
531 2356 630 2424 reis³⁴
652 2368 687 2424 et
707 2360 904 2424 medicinam
924 2359 1032 2423 tribue
1045 2356 1234 2437 vulneratis,
1248 2367 1286 2424 ut
1301 2380 1374 2443 per·

1399 2231 1474 2283 Gerb
1489 2240 1527 2294 μ.

281 2471 378 2546 cepta
392 2462 584 2528 remissione
599 2464 748 2528 omnium
764 2473 975 2546 peccatorum
991 2464 1024 2527 in
1042 2463 1256 2529 sacramentis
1271 2463 1338 2529 tuis
1349 2462 1375 2502 ⁶⁵

281 2565 407 2632 sincera
429 2567 584 2649 deinceps
605 2567 780 2632 devotione
800 2577 1000 2649 permaneat,
1017 2576 1052 2632 et
1073 2565 1200 2631 nullum
1223 2567 1376 2650 redemp-

282 2668 381 2734 tionis
395 2678 549 2735 aeternae
564 2671 725 2737 sustineat
739 2666 982 2736 detrimentum.
1028 2671 1099 2735 Per.

369 2832 453 2897 Post
465 2831 544 2898 hacc·
553 2832 650 2915 offert
654 2832 753 2916 plebs,
768 2843 801 2898 et
813 2832 1027 2918 conficiuntur
1039 2842 1243 2899 sacramenta
1251 2831 1288 2896 ⁶⁰.

756 2963 902 3020 Βοοιοια.

327 3065 498 3131 Virtutum
528 3067 719 3131 caelestium
749 3066 852 3141 Deus,
883 3067 926 3131 de
951 3067 1043 3131 cuius
1072 3067 1199 3150 gratiae
1223 3085 1295 3130 rore
1318 3067 1376 3131 de-
1401 3081 1426 3132 s„

284 3167 412 3234 scendit
432 3178 469 3233 ut
495 3170 539 3234 ad
567 3171 723 3254 mysteria
741 3179 799 3235 tua
825 3170 973 3252 purgatis
994 3169 1145 3233 sensibus
1170 3170 1377 3248 accedamus,
1401 3147 1476 3199 θεὼ·
1491 3160 1529 3210 ⁷¹·

284 3284 414 3356 praesta
452 3293 652 3357 quaesumus
688 3283 726 3338 ut
758 3275 791 3337 in
829 3293 942 3338 eorum
979 3273 1156 3338 traditione
1184 3270 1378 3338 solemniter

283 3374 445 3442 honorum
458 3373 484 3415 ⁶⁷
499 3377 559 3441 tibi
573 3376 731 3462 placitum
747 3375 932 3442 deferamus
947 3375 1153 3459 obsequium.
1200 3375 1270 3441 Per.

690 3546 786 3603 Intra
800 3545 979 3603 actionem

328 3647 617 3713 Communicantes
638 3658 672 3712 et
695 3649 782 3712 diem
802 3647 1058 3713 sacratissimum
1082 3647 1285 3713 celebrantes
1309 3666 1376 3731 quo
1402 3666 1427 3717 s„

284 3751 424 3816 traditus
461 3761 513 3817 est
549 3751 713 3817 Dominus
750 3759 864 3817 noster
896 3751 988 3816 lesus
1026 3750 1186 3817 Christus
1244 3750 1313 3817 Sed
1343 3759 1377 3816 et
1402 3731 1477 3782 Μ
1492 3743 1531 3796 ⁷²·

286 3857 521 3939 memoriamy

725 3950 814 4007 Item
827 3949 928 4007 intes.

330 4061 427 4128 Hanc
450 4063 548 4148 igitur
567 4062 779 4138 oblationem,
795 4062 950 4138 Domine,
965 4071 1104 4128 cunctae
1123 4061 1271 4128 familiae
1289 4068 1378 4139 tuae,
1403 4073 1429 4126 S.

286 4186 387 4249 quam
409 4168 470 4232 tibi
492 4165 632 4232 offerunt
654 4167 698 4232 ob
720 4166 810 4233 diem
833 4167 943 4232 ieiunii
964 4166 1098 4232 Coenae
1121 4166 1326 4244 Dominicae,
1344 4165 1377 4229 in
1403 4140 1533 4204 ΜΡ·

287 4290 355 4353 qua
369 4270 533 4336 Dominus
553 4281 663 4335 noster
682 4271 776 4336 Iesus
797 4268 949 4336 Christus
969 4271 1107 4335 tradidit
1127 4270 1295 4354 discipulis
1311 4270 1379 4334 suis

288 4374 432 4458 corporis
454 4384 487 4439 et
509 4375 675 4458 sanguinis
694 4376 744 4439 sui
767 4374 925 4458 mysteria
944 4373 1150 4453 celebranda,
1169 4392 1379 4456 quaesumus,

287 4477 441 4553 Domine,
456 4478 603 4561 placatus
623 4478 765 4554 intende,
780 4489 818 4542 ut
836 4498 896 4562 per
918 4476 1023 4543 multa
1043 4477 1202 4543 curricula
1218 4496 1379 4542 annorum

286 4581 379 4646 salva
393 4590 428 4646 et
442 4581 612 4648 incolumis
622 4603 757 4647 munera
764 4602 825 4647 sua
833 4581 895 4646 tibi
908 4581 1054 4646 Domine
1065 4590 1230 4646 mereatur
1243 4580 1379 4660 offerre3

287 4685 424 4768 diesque
436 4695 566 4751 nostros
581 4687 614 4749 in
628 4695 685 4751 tua
699 4706 781 4770 pace
796 4679 998 4773 d[isponas].
1012 4711 1034 4768 γ

330 4805 416 4870 Item
444 4807 539 4891 infra
565 4805 762 4884 canonem⁶⁸‚
792 4806 851 4871 ubi
876 4803 1017 4870 dier‘mus
1045 4803 1112 4888 Qui
1143 4805 1251 4889 pridie
1278 4823 1379 4887 quam
1404 4814 1430 4867 s

218 4921 276 4978 554
289 4918 466 4995 pateretur,
481 4912 518 4976 in
539 4909 636 4976 haim
655 4910 722 4976 diei
734 4911 948 4994 pro-cessione
967 4907 1140 4974 dicimas⁶⁹
1157 4907 1224 4991 Qui
1245 4908 1307 4973 hac
1326 4908 1380 4973 die
1405 4881 1481 4933 ω·
1494 4892 1534 4944 ⁷²·

289 5023 468 5098 autequam
485 5015 674 5094 traderetur,
683 5015 810 5098 accepit
825 5033 945 5097 panem
957 5013 989 5076 in
1005 5014 1072 5077 suis
1087 5011 1209 5077 sanctis
1221 5011 1379 5089 manibus,

289 5118 432 5184 elevatis,
447 5144 468 5200 γ

804 5218 826 5267 F
844 5221 862 5268 2
