3352 5828
350 403 414 472 134
630 394 759 452 LIBER
778 395 1167 453 SACRAMENTORUM
1284 395 1318 464 [Ι.
1330 395 1447 447 lxxxviii.

718 558 901 626 Benedictio
914 557 1079 625 alneum.

169 682 242 734 Min.
395 680 461 745 Dei
502 681 610 747 Patris
654 680 892 766 omnipotentis
938 680 1203 762 misericordiam,
1242 681 1447 748 dilectissimi

168 747 324 866 mii·
349 783 476 863 iniis,
500 785 725 871 deprecemur,
748 794 787 850 ut
809 784 874 852 hoc
897 782 1037 850 aleret
1062 784 1226 853 sacrificiis
1245 784 1449 872 spiritalibus

208 880 287 944 W·
350 889 621 969 consecrandum,
639 889 728 954 vocis
752 899 884 955 nostrae
908 886 1128 955 exorandus²¹
1153 889 1261 957 officio
1283 888 1448 975 praesenti

168 958 321 1062 indiciis.
350 991 582 1059 benedictione
596 990 798 1073 sanctificet3
822 988 874 1080 [ut
889 992 924 1057 in
938 1013 980 1058 eo
997 1013 1127 1077 semper
1141 992 1327 1059 oblationes
1341 992 1447 1058 samu·

350 1094 459 1161 lorum
474 1091 626 1184 suorum]
638 1092 665 1133 ²²
687 1097 798 1162 studio
819 1117 899 1162 suae
919 1094 1142 1163 devotionis¹⁸
1159 1097 1331 1180 impositas
1348 1097 1447 1161 bene-

350 1200 459 1267 dicere
477 1207 511 1265 et
533 1199 740 1267 sanctificare
756 1200 920 1286 dignetur,
934 1210 969 1266 et
987 1199 1125 1285 spiritali
1141 1200 1290 1285 placatus
1305 1201 1448 1280 incenso,

351 1306 500 1390 precanti
544 1302 690 1370 familiae
731 1324 809 1370 suae
847 1286 1063 1390 promptus¹²
1096 1306 1271 1372 exauditor
1307 1304 1450 1372 assistat.

352 1409 468 1492 pem
578 1475 760 1542 Benedictio
774 1475 902 1558 altam,
914 1479 983 1544 sive
997 1480 1188 1544 consecratio
1198 1475 1232 1542 ²⁸.
1463 1490 1521 1549 611

169 1621 241 1673 Min
396 1599 489 1663 Deus
510 1598 731 1683 omnipotens,
745 1599 779 1662 in
797 1598 888 1665 cuius
907 1597 1069 1665 honore²⁶
1087 1596 1225 1665 altere²²
1239 1600 1301 1665 sub
1321 1598 1450 1686 invoca·

169 1683 326 1803 fflfff
351 1701 443 1767 tione
466 1701 516 1768 tui
546 1696 756 1794 [nominis]²⁸
789 1722 1027 1783 consecramus,
1057 1702 1206 1770 clemens
1230 1711 1265 1768 et
1288 1703 1450 1788 propitius

169 1818 234 1932 ffb.
246 1831 288 1882 40·
350 1825 465 1891 preces
476 1814 609 1871 nostrae
621 1804 818 1871 humilitatis
828 1807 951 1872 exaudi
962 1814 997 1872 et
1011 1815 1143 1891 praesta
1157 1815 1195 1871 ut
1209 1806 1242 1871 in
1257 1806 1320 1873 hec
1338 1825 1452 1871 mensa

169 1898 240 2000 1,ss
251 1895 311 2014 ἓξὲξ
350 1909 418 1975 'sint
429 1909 491 1973 tibi
503 1908 663 1975 libamina
672 1918 818 1994 accepta,
829 1911 895 1975 sint
909 1919 1013 1995 grata,
1026 1912 1093 1975 sint
1107 1910 1250 1995 pinguia,
1256 1919 1296 1975 vet
1307 1908 1451 1995 Spiritus

351 2012 457 2080 sancti
475 2013 524 2080 tui
548 2033 681 2099 semper
705 2033 777 2081 rore
800 2013 951 2098 perfusa3
976 2023 1013 2081 ut
1039 2015 1130 2080 omni
1156 2023 1307 2099 tempore
1328 2013 1362 2078 in
1387 2013 1451 2080 hoc

348 2117 425 2185 loco
449 2117 667 2203 supplicantis
696 2117 758 2184 tibi
789 2116 932 2184 familiae
960 2128 1038 2184 tuae
1067 2117 1292 2184 anxietates²⁹
1318 2118 1450 2193 releves,

349 2221 573 2308 aegritudines
594 2243 696 2300 cures,
711 2242 824 2307 preces
843 2223 967 2300 audias,
981 2232 1062 2289 vota
1081 2223 1249 2308 suscipias,
1263 2223 1452 2289 desiderata

350 2324 532 2404 confirmes,
547 2325 717 2412 postulata
731 2326 904 2394 concedas.
951 2327 1022 2393 Per.
1040 2354 1061 2410 γ

670 2497 847 2580 Praefatio
860 2498 1089 2564 linteaminum
1098 2497 1134 2561 ⁸⁰.

170 2635 242 2685 Misi
395 2619 544 2684 Domine
579 2618 672 2682 Deus
702 2618 920 2702 omnipotens,
949 2619 1034 2685 sicut
1063 2619 1106 2684 ab
1136 2619 1230 2685 initio
1262 2618 1452 2684 hominibus

169 2696 326 2814 &2⁷5⁸
351 2722 467 2788 vitalia
476 2720 502 2762 ³¹
518 2731 553 2787 et
567 2723 754 2788 necessaria
768 2723 892 2801 creasti,
907 2731 941 2787 et
955 2721 1240 2806 quemadmodum
1254 2722 1453 2788 vestimenta

171 2829 290 2895 Euhie·
353 2825 556 2910 pontificalia
567 2824 796 2892 sacerdotibus
806 2834 839 2890 et
850 2825 988 2902 Levitis,
1000 2835 1193 2890 ornamenta
1203 2821 1283 2913 [que
1291 2836 1326 2891 et
1336 2825 1452 2891 lintea-

170 2894 253 2946 Μ’
267 2907 323 2945 '²¹‘
354 2930 445 2997 mina
466 2928 536 2994 fieri
553 2927 679 2993 famulo
702 2937 761 2994 tuo
778 2928 889 3010 Moysi
904 2949 965 3012 per
979 2927 1200 3012 quadraginta
1214 2929 1285 2994 dies
1301 2929 1454 3012 docuisti,

352 3035 424 3099 sive
447 3034 548 3099 etiam
569 3028 623 3120 ea]
637 3031 665 3071 ⁸²
678 3052 765 3116 quae
786 3031 894 3098 Maria
911 3033 1020 3097 texuit
1035 3041 1069 3097 et
1088 3033 1164 3098 iecit
1180 3034 1214 3096 in
1230 3054 1325 3098 usum
1342 3033 1454 3098 minis-

353 3137 427 3201 terii
457 3135 663 3202 tabernaculi
688 3134 838 3215 foederis,
867 3134 1085 3212 sanctificare,
1114 3135 1315 3211 benedicere,
1340 3156 1454 3202 conse·

353 3260 511 3323 orareque
530 3239 677 3324 digneris
697 3238 779 3304 haec
797 3238 987 3303 linteamina
998 3238 1026 3277 ⁸⁸
1040 3240 1074 3302 in
1094 3258 1189 3302 usum
1211 3238 1325 3303 altaris
1342 3227 1390 3303 tui
1409 3239 1454 3304 ad

355 3342 535 3428 tegendum
559 3341 862 3427 involvendumque
871 3340 900 3381 ⁸⁴
915 3361 1035 3427 corpus
1054 3349 1088 3405 et
1105 3342 1297 3425 sanguinem
1314 3342 1389 3406 Filii
1404 3343 1453 3406 tui

356 3445 494 3512 Domini
525 3446 629 3512 nostri
661 3445 736 3511 Iesu
771 3445 903 3520 Christi,
936 3445 994 3531 qui
1023 3454 1133 3512 tecum
1161 3446 1242 3510 vivit
1272 3456 1306 3511 et
1339 3455 1455 3530 regnat

356 3550 503 3633 Deus'y
660 3616 722 3681 Ad
731 3617 978 3683 consecrandam
988 3627 1150 3699 pateream.

172 3761 243 3812 Min.
399 3738 638 3806 Consecramus
667 3746 701 3804 et
731 3738 975 3805 sanctificamus
1007 3738 1090 3804 hanc
1122 3748 1277 3822 patenam
1307 3739 1350 3803 ad
1376 3760 1454 3804 con-

171 3824 327 3943 {ffiffl}
354 3843 533 3910 ficiendum
548 3844 582 3908 in
597 3865 637 3909 ea
652 3864 772 3927 corpus
797 3843 933 3909 Domini
956 3842 1058 3909 nostri
1074 3843 1147 3907 Iesu
1161 3841 1283 3908 Christi
1298 3842 1454 3926 patientis

211 3957 291 4022 b·4t·
353 3968 483 4014 crucem
507 3967 568 4031 pro
588 3946 697 4011 salute
717 3954 829 4012 nostra
849 3947 1000 4012 omniurn
1013 3944 1048 4012 ³⁵.
1093 3944 1159 4029 Qui
1175 3965 1250 4010 cum
1273 3946 1370 4011 Patre
1379 3943 1405 3984 ³⁶
1419 3956 1455 4011 et

171 4038 242 4138 Ρξζζ
255 4035 313 4153 {2}
355 4050 482 4137 Spiritu
505 4050 659 4117 sancto³⁷
683 4051 765 4117 vivit
787 4061 822 4117 et
849 4061 968 4135 regnat
992 4051 1085 4116 Deus
1105 4072 1163 4135 per
1185 4050 1297 4115 omnia
1323 4050 1456 4117 saecula

172 4153 325 4204 Leonem.
355 4156 610 4238 saeculorumy

397 4277 481 4342 Inde
492 4276 587 4360 facis
611 4277 743 4357 signum
763 4277 869 4342 nuces
890 4276 930 4340 de
954 4275 1019 4342 eleo
1042 4285 1151 4340 sainte
1174 4284 1271 4357 super
1290 4284 1454 4358 patenam,

351 4388 385 4444 et
396 4379 480 4445 de'cis
492 4379 578 4445 hanc
591 4379 770 4444 orationem
782 4403 792 4440 .·

173 4527 245 4579 Min.
398 4499 600 4566 Consecrare
622 4509 656 4564 et
678 4498 884 4565 sanctificare
905 4497 1062 4584 digneris,
1084 4499 1228 4565 Domine
1241 4497 1277 4578 ³⁸,
1297 4509 1453 4584 patenam

173 4593 329 4711 gfff?-
352 4606 439 4671 hanc
464 4624 525 4691 per
550 4604 647 4670 istam
675 4605 865 4669 unctionem
892 4611 927 4668 et
951 4612 1098 4668 nostram
1122 4603 1396 4682 benedictionem,
1423 4603 1456 4669 in

174 4725 240 4840 ffb.
251 4735 292 4789 47.
356 4708 489 4775 Christo
507 4709 581 4773 Iesu
598 4709 746 4773 Domino
761 4717 882 4774 nostro.
928 4706 996 4791 Qui
1011 4708 1093 4774 vivit
1102 4706 1127 4746 ³⁹
1142 4718 1177 4773 et
1193 4719 1318 4792 regnat.
1334 4735 1355 4791 γ

204 4806 243 4842 en.
258 4803 314 4855 πμ.
355 4794 665 4860 Pam.425.Leoir.ooi.
