3352 5828
244 762 279 815 11.
291 758 394 826 luxu]
527 762 532 770 ’
555 757 767 816 ROMANAE
787 756 1030 816 ECCLESIAE.
1270 768 1332 821 221

242 943 346 1010 quum
361 920 446 1009 pro³
467 922 759 1007 supplicationibus
781 923 903 990 nostris
917 944 1027 990 annua
1041 924 1219 992 devotione
1236 947 1336 993 vene·

242 1029 367 1095 randus
393 1027 492 1093 etiam
519 1028 633 1094 matris
656 1026 812 1113 virginis⁰
835 1026 958 1095 fructus
980 1029 1134 1096 salutaris
1160 1030 1337 1098 intervenit

245 1130 399 1197 Christus
413 1131 576 1197 Dominus
591 1141 710 1199 noster.
755 1130 866 1216 Quem
884 1131 1022 1198 laudant
1030 1132 1052 1197 ¹.

664 1301 915 1360 Postoommun.

288 1414 436 1480 Tuorum
452 1434 520 1488 nos,
537 1413 689 1492 Domine,
704 1412 857 1498 largitate
873 1415 1035 1481 donorum
1051 1427 1085 1483 et
1100 1416 1337 1501 temporalibus
1363 1377 1429 1478 Rs

245 1517 362 1586 attolle
377 1517 546 1604 praesidiis
561 1527 594 1582 et
609 1537 731 1583 renova
744 1517 986 1603 sempiternis⁸.
1025 1520 1095 1585 Per.
1111 1546 1131 1603 γ
1153 1557 1243 1608 Lm„
1252 1563 1337 1624 ‚um
1362 1492 1440 1609 1⁶3
1452 1488 1510 1623 Εἰ·

664 1690 720 1747 Ad
737 1689 917 1760 Populum

289 1803 385 1883 Esto,
414 1803 567 1880 Domine,
594 1803 683 1888 plebi
713 1815 791 1870 tuae
819 1804 1042 1872 sanctificator
1072 1815 1107 1871 et
1136 1814 1269 1872 custos:
1299 1814 1338 1871 ut
1363 1817 1493 1872 ccum

245 1907 363 1974 beatae
394 1907 520 1973 Mariae
552 1908 678 1973 munita
713 1909 885 1993 praesidiis
913 1920 948 1975 et
978 1910 1247 1976 conversatione⁹
1275 1910 1338 1976 tibi
1364 1897 1420 1951 ³⁴³*

247 2011 377 2094 placeat
392 2022 424 2077 et
440 2031 552 2077 secura
567 2012 739 2079 deserviat.
784 2012 846 2077 Per
861 2013 1055 2080 Dominum
1069 2040 1091 2097 γ

656 2167 699 2231 In
713 2176 805 2233 sexta
820 2167 930 2234 Faria.

292 2287 403 2353 Huius
427 2286 523 2352 nobis
545 2287 774 2370 parsimoniae,
800 2308 1009 2373 quaesumus,
1037 2288 1192 2369 Domine,
1217 2290 1340 2375 praebe
1365 2301 1387 2354 1.
1399 2299 1460 2353 nin

249 2410 454 2468 mensuram3
487 2400 523 2454 ut
548 2390 639 2474 quod
661 2390 811 2456 licentiae
833 2393 940 2459 carnis
963 2391 1140 2459 auferimus
1162 2392 1339 2459 salutarem
1364 2373 1512 2498 m&

248 2494 345 2559 nobis
360 2493 501 2561 fructum
517 2488 668 2583 [mentis]
683 2494 833 2579 acquirat
841 2495 877 2560 ¹⁰.
923 2496 993 2561 Per.

295 2615 396 2693 Deus,
413 2616 472 2699 qui
490 2623 637 2681 nostram
659 2616 822 2700 conspicis
844 2636 975 2704 semper
996 2616 1221 2684 infirmitatem
1233 2614 1259 2657 ¹¹
1280 2618 1338 2683 de·
1364 2633 1497 2700 smerde)

249 2719 352 2795 stitui,
367 2719 528 2785 adventus
540 2720 590 2785 tui
605 2739 665 2785 nos
679 2720 867 2787 visitatione
875 2718 903 2760 ¹¹
917 2723 1057 2789 custodi.
1102 2723 1174 2789 Per.
1363 2699 1524 2831 {ffiael

293 2840 425 2905 Adesto
434 2836 473 2919 ¹⁸,
484 2859 692 2922 quaesumus,
707 2841 917 2925 omnipotens
932 2843 1034 2923 Deus,
1049 2851 1149 2927 atque
1164 2843 1198 2907 in
1212 2841 1339 2907 cunetis
1363 2855 1391 2907 S.
1404 2854 1500 2921 (abu.)

250 2943 435 3009 actionibus
450 2944 569 3009 nostris
591 2953 625 3008 et
646 2943 823 3028 aspirando
840 2965 901 3012 nos
921 2946 1077 3029 praeveni
1097 2955 1132 3011 et
1151 2945 1339 3012 adiuvando
1366 2921 1457 3047 {¹33¹
1519 2978 1523 2988 ·

251 3045 390 3112 custodi.
435 3045 507 3111 Per.
1366 3050 1436 3102 Men.
1450 3061 1506 3117 ¹93.

722 3141 867 3200 &meta

295 3250 436 3331 Praesta,
469 3252 623 3329 Domine,
650 3273 859 3337 quaesumus,
889 3265 926 3320 ut
959 3254 1071 3320 dicato
1105 3254 1231 3320 muneri
1263 3273 1340 3320 con·
1367 3261 1437 3316 Pes„

249 3366 424 3438 gruentem
437 3354 465 3395 ¹⁴
478 3357 663 3423 devotionis
677 3356 854 3423 offeramus
868 3355 1072 3423 affectum¹⁶.
1116 3356 1202 3422 Per,x
1366 3326 1511 3460 ἓξὲξ·

668 3536 919 3593 Postoommnn.

293 3645 421 3712 Reiecti
436 3646 592 3713 vitalibus
601 3647 764 3713 alimentis
774 3668 985 3732 quaesumus,
995 3648 1149 3728 Domine,
1160 3658 1198 3715 ut
1207 3648 1233 3689 ¹⁸
1248 3651 1338 3734 quod
1365 3655 1441 3709 uua
1454 3657 1511 3721 4⁸²·

248 3759 399 3834 tempore
435 3762 566 3817 nostrae
603 3752 813 3817 mortalitatis
849 3754 1055 3836 exequimur,
1084 3754 1341 3821 immortalitatis

249 3864 326 3920 tuae
341 3875 475 3921 munere
489 3875 739 3940 consequamur.
783 3855 853 3921 Per.
868 3881 889 3938 γ

666 4035 722 4092 An
736 4035 916 4105 Populum.

296 4147 447 4233 Respice,
476 4148 628 4225 Domine,
665 4168 865 4235 quaesumus
874 4145 908 4228 ¹⁷,
941 4147 1105 4234 propitius
1137 4150 1179 4214 ad
1209 4149 1342 4233 plebem
1367 4161 1511 4227 laomor.

251 4258 355 4329 tuam,
384 4262 418 4317 et
445 4273 545 4336 quam
574 4253 694 4319 divinis
722 4252 840 4319 tribuis
869 4251 1028 4338 proficere
1051 4255 1273 4334 sacramentis,
1298 4255 1343 4320 ab

252 4355 407 4427 omnibus
421 4357 554 4422 absolve
571 4357 724 4441 peccatis
770 4357 833 4424 Per
848 4356 1032 4423 Dominum
1047 4367 1207 4423 nostrum.

178 4530 238 4588 686
573 4513 715 4580 sabbato
731 4515 767 4579 in
779 4511 1020 4578 xiiLectiones.

295 4631 436 4710 Adesto,
459 4634 612 4715 Domine,
634 4633 929 4718 supplicationibus
954 4633 1082 4710 nostris,
1105 4642 1141 4699 et
1163 4634 1343 4717 praesentis
1369 4640 1437 4693 ks

252 4747 333 4803 vota
348 4736 460 4801 ieiunii
475 4736 594 4821 placita
608 4739 668 4804 tibi
683 4738 863 4806 devotione
878 4734 1037 4802 exhibere
1054 4738 1209 4802 concede
1255 4737 1325 4802 Per.
1369 4708 1445 4758 ω
1458 4704 1514 4760 ²⁰⁶·

256 4887 261 4898 ·
298 4854 462 4922 Converte
477 4876 544 4937 nos,
559 4857 651 4923 Deus
664 4857 818 4924 salomis
837 4865 960 4936 noster,
974 4866 1008 4922 et
1023 4865 1062 4922 ut
1076 4855 1171 4924 nobis
1187 4856 1344 4921 ieiunium
1369 4866 1524 4930 emma

253 4960 423 5044 corporale
443 4959 602 5044 proficiat,
617 4971 744 5029 mentes
766 4969 894 5028 nostras
914 4959 1111 5027 caelestibus
1127 4960 1262 5025 institue
1279 4960 1344 5025 dis·

254 5064 393 5148 ciplinis.
438 5064 542 5147 Peny
