3352 5828
263 763 420 831 ll.lxxxiv.]
571 760 782 820 ROMANAE
802 759 1046 819 ECCLESIAE.
1292 771 1353 839 219

683 936 933 995 Postoommun.

309 1059 425 1126 Preces
453 1057 565 1145 populi
594 1053 652 1137 tui,
673 1078 879 1142 quaesumus,
908 1057 1062 1136 Domine,
1088 1056 1268 1124 clementer
1295 1077 1356 1122 ex·
1380 1072 1515 1141 sttuite.)

266 1165 365 1244 audi3
391 1163 505 1247 utqui
527 1163 570 1228 de
590 1163 732 1228 adventu
752 1163 925 1248 Unigeniti
946 1163 995 1228 tui
1017 1163 1201 1229 secundum
1224 1182 1355 1228 carnem
1381 1142 1529 1271 ξιξ

267 1268 440 1347 laetantur,
475 1266 507 1332 in
543 1266 695 1346 secund0,
731 1287 806 1333 cum
842 1266 968 1333 venerit
1004 1266 1038 1331 in
1075 1268 1249 1333 maiestate
1287 1285 1357 1346 sua,

268 1373 450 1457 praemium
473 1378 625 1436 aeternae
646 1371 735 1436 vitae
755 1369 972 1456 percipiant
1017 1370 1124 1452 Peny

312 1498 529 1584 7Ιιιάἰςιιοεῦ,
557 1518 764 1583 quaesumus,
792 1498 945 1579 Domine,
973 1498 1113 1565 famulos
1143 1496 1451 1583 tuos,quia⁰1t.s.

270 1605 409 1673 actionis
430 1603 583 1690 propriae
605 1603 702 1688 culpa
723 1602 906 1685 contristat,
921 1603 1094 1688 Unigeniti
1108 1603 1157 1669 tui
1178 1623 1240 1670 nos
1250 1600 1278 1642 ¹⁰
1299 1601 1358 1669 ad·
1384 1571 1528 1704 ᾗῇ·

270 1720 370 1777 ventu
384 1708 532 1775 laetifica.
577 1708 638 1773 Per
653 1708 845 1775 Dominum.
860 1734 881 1791 γ

315 1838 532 1924 Quaesumus,
550 1839 758 1924 omnipotens
779 1838 881 1920 Deus,
895 1857 1009 1923 preces
1029 1847 1158 1905 nostras
1178 1836 1312 1921 respice,
1326 1845 1360 1902 et
1385 1842 1411 1896 a

271 1953 350 2010 tuae
368 1963 467 2028 super
488 1963 550 2009 noe
563 1943 687 2009 viscera
708 1942 840 2027 pietatis
857 1941 1033 2025 impende:
1056 1949 1093 2006 ut
1112 1940 1169 2025 qul
1186 1961 1230 2006 ex
1249 1949 1361 2005 nostra
1385 1909 1531 2043 {2¹12}

271 2047 370 2132 culpa
385 2046 570 2132 affligimur,
586 2046 757 2113 Salvatore
777 2055 890 2111 nostro
905 2044 1102 2112 adveniente
1117 2045 1314 2130 respiremus
1324 2042 1361 2108 ¹¹.

273 2151 344 2218 Per.

200 2298 260 2356 604
317 2279 481 2360 Concede,
509 2297 719 2362 quaesumus,
745 2279 953 2361 omnipotens
984 2277 1085 2356 Deus,
1111 2287 1148 2342 ut
1176 2272 1273 2361 qui¹¹
1302 2275 1363 2342 sub
1389 2289 1458 2342 lua

273 2384 399 2469 peccati
419 2383 499 2467 iugo
516 2401 561 2446 ex
581 2382 695 2448 debito
703 2380 731 2421 ¹⁸
748 2382 970 2466 depremimur
989 2390 1168 2466 expectata
1191 2379 1363 2465 Unigeniti
1389 2356 1533 2489 ἓξὲξ

274 2489 323 2554 tui
339 2508 425 2554 nova
439 2486 612 2553 nativitate
627 2485 810 2552 liberemur.
855 2488 925 2553 Per.
939 2512 961 2569 γ

321 2617 456 2694 Excita,
481 2615 635 2694 Domine,
661 2615 842 2701 potentiam
866 2625 959 2681 tuam
984 2625 1018 2681 et
1041 2613 1126 2691 veni,
1149 2622 1186 2681 ut
1211 2622 1269 2680 tua
1292 2634 1365 2699 pro·
1392 2624 1458 2676 Rs„

278 2721 452 2806 pitiatione
467 2719 636 2785 salvemur.
682 2718 753 2785 Per.
1392 2691 1537 2823 {⁸232ae

323 2849 459 2916 Festina
466 2847 512 2927 ,¹⁴,
530 2869 572 2915 ne
592 2848 780 2926 tardaveris,
796 2847 941 2914 Domine
963 2847 1055 2913 Deus
1078 2855 1197 2924 noster,
1212 2855 1246 2913 et
1261 2865 1282 2912 a
1296 2845 1366 2913 dia·
1392 2856 1424 2906 R.
1435 2854 1462 2908 s,

278 2952 389 3020 bolico
405 2951 550 3018 surore¹⁶
565 2972 625 3017 nos
641 2961 794 3035 potenter
808 2951 930 3019 elibera
942 2951 979 3016 ¹⁰.
1007 2950 1076 3018 Per.
1392 2920 1537 3051 ᾗῇ

324 3081 457 3166 Porrige
471 3081 576 3160 nobis,
592 3079 743 3158 Domine,
764 3080 939 3146 dexteram
958 3090 1036 3145 tuae
1053 3079 1271 3145 venerationis
1283 3077 1320 3158 ¹⁷,
1334 3085 1369 3143 et
1393 3086 1420 3138 s,

278 3187 362 3266 veni,
377 3194 412 3251 et
427 3193 565 3268 peccata
580 3192 692 3249 nostra
705 3184 902 3267 propitiatus
917 3183 1062 3249 absolve.
1108 3183 1179 3248 Per.
1393 3152 1540 3283 {²352}

323 3316 425 3393 Deus,
448 3314 504 3397 qui
527 3310 720 3396 prospicis¹⁸
745 3312 823 3395 quia
849 3333 894 3377 ex
920 3323 1034 3378 nostra
1059 3312 1222 3398 pravitate
1233 3309 1260 3350 ¹⁹
1286 3309 1369 3375 affli.
1394 3323 1463 3376 M

278 3420 396 3503 gimur,
411 3417 555 3481 concede
577 3416 738 3500 propitius
760 3423 798 3481 ut
816 3434 860 3479 ex
878 3425 937 3481 tua
951 3416 1139 3482 visitatione
1154 3413 1369 3480 consolemur.
1394 3387 1541 3520 ἓξὲξ·

280 3523 341 3587 Per
357 3521 552 3586 Dominum.
566 3546 588 3602 γ

323 3650 542 3724 Festinantes,
571 3647 781 3731 omnipotens
811 3646 913 3727 Deus,
947 3648 980 3712 in
1009 3667 1181 3714 occursum
1220 3646 1294 3711 Filii
1322 3647 1371 3711 tui
1395 3662 1422 3714 S.

280 3754 417 3820 Domini
440 3751 544 3818 nostri
567 3750 657 3817 nulla
676 3750 860 3836 impediant
877 3770 978 3836 opera
992 3761 1087 3817 actus
1108 3746 1291 3830 terreni⁸⁰;
1312 3749 1371 3815 sed
1396 3726 1541 3858 ἓξὲξ

281 3857 432 3923 caelestis
453 3856 635 3940 sapientiae
655 3854 796 3920 eruditio
813 3854 912 3921 saciat
933 3875 996 3922 nos
1016 3855 1086 3921 eius
1107 3875 1178 3921 esse
1194 3862 1373 3921 consortes

283 3961 345 4026 Pet
360 3958 555 4025 Dominum.

328 4090 471 4168 Praesta,
489 4107 697 4173 quaesumus,
712 4079 924 4172 omnipotens
946 4088 1049 4167 Deus,
1067 4095 1105 4154 ut
1127 4086 1204 4152 Filii
1225 4086 1275 4151 tui
1294 4105 1373 4151 ven·
1399 4096 1469 4150 Rs„

284 4204 359 4260 tura
373 4193 566 4259 solemnitas
581 4202 614 4259 et
627 4192 809 4277 praesentis
823 4192 919 4258 nobis
933 4195 1020 4258 vitae
1029 4189 1054 4230 ²¹
1070 4191 1216 4257 remedia
1229 4189 1375 4256 conserat
1399 4165 1545 4296 ἓξὲξ

285 4308 320 4362 et
334 4297 482 4383 praemia
495 4305 628 4361 aeterna
642 4295 812 4362 concedat.
855 4294 926 4361 Per.
941 4322 963 4379 γ

330 4426 472 4503 Praesta,
500 4444 707 4509 quaesumus,
734 4424 947 4508 omnipotens
977 4424 1078 4502 Deus,
1107 4432 1144 4489 ut
1173 4419 1287 4507 quia²¹
1315 4442 1376 4508 pro
1399 4434 1426 4487 s.

286 4531 433 4617 peccatis
459 4529 579 4595 nostris
608 4548 772 4595 meremur
801 4527 911 4614 affligi,
936 4549 995 4614 per
1024 4529 1205 4594 adventum
1227 4525 1301 4591 Filii
1326 4526 1375 4591 tui
1400 4501 1476 4551 ω’·
1490 4512 1547 4565 ²⁰⁹

289 4656 311 4699 a
327 4635 455 4701 cunctis
468 4626 719 4699 adversitatibus
733 4631 909 4698 liberemur
917 4629 953 4696 ²⁸,
999 4634 1070 4697 Per.
1400 4565 1469 4617 Ma.
1482 4578 1539 4632 ¹⁹*

332 4761 433 4839 Deus,
447 4761 505 4844 qui
527 4781 586 4825 nos
608 4761 841 4843 redemptionis
863 4771 996 4826 nostrae
1014 4781 1122 4826 annua
1144 4758 1376 4845 expectatione
1399 4770 1555 4838 Rapum

287 4863 456 4941 laetificas,
473 4873 602 4947 praesta
623 4874 659 4929 ut
679 4864 883 4948 unigenitum
905 4862 1064 4930 Filium²⁴
1079 4873 1184 4942 tuum,
1205 4882 1304 4948 quem
1326 4882 1375 4927 re·
1400 4836 1512 4965 ἓξὲξ

287 4968 497 5052 demptorem
521 4966 596 5033 laeti
618 4967 810 5051 suscipimus
819 4967 857 5049 ²⁶,
871 4970 1056 5034 venientem
1079 4988 1212 5052 quoque
1234 4965 1375 5031 iudicem

288 5072 391 5138 securi
406 5072 586 5139 videamus.
631 5072 735 5155 Peny
