3352 5828
324 386 387 453 266
602 391 731 449 LIBER
751 390 1140 450 SACRAMENTORUM
1312 391 1376 458 [111.
1387 392 1425 444 iii.

321 556 561 625 coniunctionis
576 578 665 637 suae,
681 555 735 622 vel
746 557 933 635 annualem,
948 577 1016 642 quo
1030 557 1084 622 die
1098 577 1157 623 eos
1175 555 1275 641 iugali
1290 556 1425 622 vinculo

321 662 448 728 sociare
463 663 619 746 dignatus
634 681 678 739 es,
695 662 845 746 placatus
864 661 1024 745 suscipias
1043 662 1276 745 deprecamur:
1299 662 1344 727 ob
1358 661 1424 726 hoc

321 767 423 853 igitur
436 768 579 833 reddunt
587 763 615 805 ¹²
630 767 692 833 tibi
707 776 787 832 vota
801 786 862 831 sua
882 766 957 831 Deo
973 787 1052 831 vero
1070 775 1105 833 et
1119 767 1204 846 vivo,
1219 785 1281 850 pro
1300 767 1425 850 quibus

321 874 516 938 tremendae
530 872 646 956 pietati
658 883 736 937 tuae
750 871 914 954 supplices
929 870 1096 935 fundimus
1110 890 1233 955 preces,
1247 879 1285 936 ut
1300 871 1425 956 pariter

323 977 408 1042 bene
419 984 453 1040 et
465 974 597 1059 pacifice
607 973 633 1013 ¹²
648 985 828 1049 senescant,
844 984 877 1039 et
889 974 1023 1038 videant
1037 972 1121 1039 filios
1135 972 1276 1038 filiorum
1288 993 1424 1038 suorum

324 1100 429 1161 usque
445 1080 477 1144 in
487 1078 514 1118 ¹⁸
531 1079 661 1145 tertiam
682 1087 716 1142 et
736 1085 888 1160 quartam
909 1078 1109 1160 progeniem,
1125 1086 1159 1141 et
1177 1085 1211 1142 te
1224 1076 1425 1143 benedicant

325 1184 480 1250 omnibus
496 1183 612 1249 diebus
625 1182 714 1247 vitae
732 1202 819 1247 suae.
864 1181 926 1244 Per
949 1179 1119 1246 Christum
1143 1180 1324 1246 Dominum
1346 1200 1425 1246 nos·

324 1300 425 1355 trum.
470 1288 581 1373 Quam
597 1285 800 1354 oblationem
815 1295 861 1363 tu,
879 1286 981 1351 Deus.

370 1410 570 1494 percomples
591 1429 743 1474 canonem
758 1408 956 1491 plenariam,
970 1420 1003 1473 et
1014 1409 1098 1474 dicis
1115 1409 1292 1474 orationem
1306 1407 1424 1475 Domi·

327 1517 444 1595 nicam,
458 1524 491 1580 et
503 1516 548 1579 sic
562 1534 634 1579 eam
649 1512 805 1578 benedicis
818 1511 872 1578 his
886 1510 1036 1579 variavi

738 1691 868 1762 Incipit
889 1693 1004 1750 oratio.

372 1807 465 1872 Deus
487 1807 543 1891 qui
566 1806 681 1871 mundi
704 1807 879 1872 crescentis
899 1808 1040 1872 exordio
1050 1805 1076 1845 ¹⁸
1096 1807 1316 1890 multiplicata
1331 1806 1426 1891 prole

327 1912 503 1989 benedicis,
517 1911 694 1993 propitiare
715 1910 1008 1994 supplicationibus
1030 1911 1160 1988 nostris,
1174 1921 1208 1974 et
1229 1931 1326 1995 super
1340 1911 1426 1976 hanc

326 2016 484 2081 famulam
514 2026 604 2081 tuam
634 2034 733 2098 opem
758 2024 837 2080 tuae
866 2013 1107 2080 benedictionis
1137 2014 1271 2079 infunde
1283 2035 1292 2094 ;
1325 2024 1362 2079 ut
1391 2015 1426 2079 in

325 2120 426 2203 iugali
440 2121 606 2187 consortio
620 2117 738 2184 aflectu
757 2119 913 2202 compari,
929 2127 1040 2184 mente
1060 2118 1233 2198 consimili,
1247 2119 1426 2185 sanctitate

325 2233 442 2290 mutua
456 2224 658 2308 copulentur.
704 2223 775 2288 Per.
855 2296 858 2303 ¹

679 2402 808 2474 Incipit
829 2401 1026 2460 benedictio
1035 2394 1068 2459 ¹².

371 2518 469 2583 Pater
485 2517 598 2582 mundi
610 2517 769 2593 conditor,
781 2517 987 2582 nascentium
1002 2516 1144 2600 genitor,
1156 2515 1426 2602 multiplicandae

328 2621 463 2705 originis
484 2622 660 2699 institutor,
682 2621 739 2704 qui
761 2619 862 2684 Adae
884 2621 1042 2685 comitem
1067 2622 1134 2685 tuis
1157 2621 1309 2685 manibus
1331 2621 1427 2685 addi·

286 2756 293 2770 ·
329 2725 416 2801 disti,
446 2726 539 2789 cuius
576 2746 620 2788 ex
655 2724 785 2788 ossibus
817 2743 893 2789 ossa
928 2725 1108 2788 crescentia
1142 2744 1256 2808 parem
1285 2723 1427 2788 formam

329 2829 518 2894 admirabili
529 2828 721 2893 diversitate
732 2828 918 2910 signarent;
942 2827 1020 2891 hinc
1034 2829 1077 2892 ad
1092 2829 1195 2892 totius
1208 2827 1429 2892 multitudinis

331 2933 568 2997 incrementum
592 2931 771 3014 coniugalis
792 2930 878 2994 thori
903 2931 991 2994 iussa
1012 2932 1185 3008 consortia,
1201 2951 1269 3014 quo
1277 2931 1305 2971 ²⁰
1319 2940 1428 2995 totum

332 3036 417 3099 inter
446 3031 516 3099 se²¹
546 3033 712 3099 saeculum
742 3032 944 3116 colligarent,
972 3032 1109 3097 humani
1139 3034 1268 3117 generis
1297 3034 1431 3098 foedera

332 3146 528 3203 nexuerunt.
582 3136 638 3202 Sic
663 3136 752 3201 enim
779 3136 851 3213 tibi,
879 3134 1032 3210 Domine,
1054 3136 1223 3219 placitum,
1243 3137 1292 3203 sic
1318 3156 1430 3202 neces-

332 3243 470 3306 sarium
487 3239 568 3319 suit;
584 3249 621 3304 ut
632 3237 667 3319 ²²,
677 3240 757 3323 quia
770 3239 869 3322 longe
885 3248 971 3304 esset
986 3235 1184 3304 infirmius²³
1197 3241 1287 3324 quod
1303 3238 1429 3304 homini
1445 3251 1505 3311 723

332 3345 440 3411 simile
449 3340 487 3422 ²⁴,
501 3365 601 3429 quam
616 3346 706 3428 quod
724 3343 784 3409 tibi
807 3339 919 3409 Dc0²²
934 3342 1067 3419 feceras,
1082 3341 1251 3407 additus²²
1267 3343 1394 3409 fortiori
1404 3341 1430 3382 ²²

333 3470 433 3514 sexus
450 3448 614 3526 infirmior,
630 3468 732 3512 unum
747 3445 921 3513 efficeret²²
938 3469 982 3511 ex
999 3447 1139 3524 duobus,
1154 3457 1190 3512 et
1207 3447 1277 3531 pari
1293 3448 1431 3530 pignore

217 3588 223 3598 ·
332 3552 464 3618 soboles
480 3553 586 3617 mixta
602 3563 751 3617 manaret
760 3547 797 3630 ²²,
807 3552 889 3615 dum
905 3571 964 3634 per
978 3551 1127 3614 ordinem
1139 3549 1254 3615 flueret
1265 3551 1393 3635 digesta
1403 3549 1431 3588 ²⁰

332 3657 519 3741 posteritas,
535 3667 570 3721 et
590 3657 716 3740 priores
731 3665 870 3721 ventura
879 3653 906 3693 ⁸¹
925 3664 1147 3737 sequerentur,
1166 3675 1226 3720 nec
1244 3652 1348 3717 ullum
1368 3654 1431 3719 sibi

333 3759 434 3824 finem
457 3759 491 3825 in
513 3771 582 3825 tam
605 3760 697 3825 brevi
720 3760 871 3835 termino,
894 3758 1046 3843 quamvis
1068 3766 1177 3822 essent
1199 3759 1334 3836 caduca,
1354 3779 1430 3843 pro·

332 3874 494 3948 ponerent
503 3860 539 3926 ³².
583 3862 642 3928 Ad
664 3863 746 3929 haec
768 3863 869 3946 igitur
891 3858 1006 3952 [datae
1028 3862 1094 3926 sint
1113 3861 1204 3946 leges
1226 3861 1378 3928 instituta
1387 3857 1430 3950 ²²]

332 3979 498 4033 venturae.
543 3961 771 4055 [Quapropter
781 3963 823 4056 ²³]
840 3968 936 4033 huius
955 3966 1098 4031 famulae
1116 3976 1204 4042 tuae,
1221 3965 1327 4047 Pater,
1342 3967 1432 4032 rudi-

334 4081 447 4136 menta
464 4070 630 4138 sanctifica
641 4070 678 4148 ²³,
699 4082 736 4136 ut
758 4071 847 4137 bono
870 4080 905 4136 et
927 4091 1085 4154 prospero
1107 4071 1231 4137 sociata
1255 4071 1433 4147 consortio,

333 4175 416 4259 legis
438 4185 589 4241 aeternae
611 4175 699 4239 iussa
709 4173 736 4212 ²²
759 4176 935 4254 custodiat,
958 4177 1208 4259 memineritque
1218 4174 1253 4255 ²²,
1276 4175 1431 4250 Domine,

336 4300 402 4345 non
418 4290 550 4344 tanturn
565 4282 608 4344 ad
624 4280 792 4345 licentiam
814 4280 1032 4364 coniugalem,
1048 4281 1106 4345 sed
1127 4283 1170 4346 ad
1188 4281 1432 4346 observantiam

336 4382 412 4448 fidei
439 4393 626 4449 sanctorum
654 4384 831 4467 pignorum
858 4384 1044 4467 delegatam
1056 4385 1092 4445 ²⁶.
1138 4384 1262 4449 Fidelis
1283 4394 1318 4451 et
1340 4395 1433 4449 casta

335 4486 438 4552 nubat
456 4488 489 4551 in
506 4486 648 4565 Christo,
663 4487 892 4570 imitatrixque
915 4497 1101 4553 sanctarum
1124 4497 1317 4569 permaneat
1339 4488 1434 4552 lemi-

336 4611 460 4655 narum.
495 4590 547 4656 Sit
559 4591 709 4656 amabilis
719 4600 755 4655 ut
768 4591 895 4656 Rachel
907 4592 977 4656 viro
989 4613 1057 4666 suo,
1070 4592 1201 4673 sapiens
1218 4601 1254 4656 ut
1271 4592 1433 4672 Rebecca,
1459 4579 1467 4594 ’

336 4694 498 4779 longaeva
513 4703 546 4760 et
562 4694 666 4762 fidelis
682 4704 718 4761 ut
738 4696 842 4761 Sarra
888 4694 982 4760 Nihil
1004 4717 1047 4760 ex
1068 4696 1130 4761 hac
1150 4697 1327 4762 subsitivus
1339 4694 1365 4735 ⁸²
1380 4697 1434 4762 ille
