3352 5828
234 537 312 592 Gerb.
322 550 390 608 p.14.

245 4482 399 4548 Gerb.‚p.18.

416 375 481 445 320

849 364 1079 455 amnone.

609 530 683 593 Kal.
696 529 763 593 Ian.
799 528 907 593 Octava
920 529 1043 592 Domini
1054 525 1109 613 [ad
1120 527 1152 591 S.
1165 521 1322 611 Martiam}

519 646 601 709 Deus
621 648 672 728 qui
692 647 777 709 nobis
797 647 857 708 nati
878 645 1035 709 Salvatoris

520 746 557 808 Ο.
580 764 603 808 ι.
624 745 663 808 D.
683 747 734 826 qui
754 746 784 806 in
804 744 964 824 Unigenlto

520 844 638 907 Praesta
658 865 689 924 q.
709 843 785 907 Dne.
804 855 838 906 ut
857 863 910 924 per
930 844 1004 907 haec
1024 861 1146 904 munera

501 943 586 1005 sVD.
607 962 637 1023 p.
658 944 696 1004 Χ
717 943 808 1005 Cuius
827 943 916 1005 hodie

521 1042 641 1104 Praesta
661 1060 691 1121 q.
714 1040 790 1102 Dne.
810 1051 843 1102 ut
862 1040 944 1121 quod
965 1038 1120 1102 Salvatoris

522 1139 561 1201 Ο.
581 1158 605 1201 s
627 1139 666 1201 D.
687 1140 738 1219 qui
758 1148 824 1200 tuae
845 1156 975 1201 mensae.

738 1284 850 1372 [Missa
864 1288 1041 1349 Prohr‘bendo
1053 1287 1089 1348 ab
1102 1286 1200 1348 Idolis.

524 1404 564 1467 O.
584 1423 608 1468 s
630 1404 668 1465 D.
689 1404 729 1465 da
748 1404 833 1466 nobis
852 1402 1030 1468 voluntatem

524 1502 566 1566 Ut
586 1503 638 1565 tibi
659 1514 742 1583 grata
763 1503 820 1565 sint
839 1502 917 1565 Dne.
937 1520 1060 1564 munera

525 1600 673 1682 Mysteriis
693 1602 750 1664 tuis
771 1612 940 1695 veneranter
959 1597 1131 1684 assumptis]

810 1741 881 1803 Item
895 1743 956 1804 alia
969 1741 1130 1803 Domrnt'ca.

525 1858 562 1920 Ο.
584 1877 608 1919 s.
628 1857 666 1919 D.
687 1857 779 1936 dirige
797 1867 880 1919 actus
900 1867 1016 1921 nostros
1036 1858 1067 1917 in
1087 1857 1271 1937 beneplacito

525 1955 687 2035 Propitlare
706 1974 745 2016 m.
768 1955 807 2016 D.
826 1955 948 2043 supplic.
970 1955 1076 2016 nostris
1096 1966 1126 2017 et
1145 1955 1287 2035 populum

526 2053 667 2117 Concede
687 2072 716 2133 q.
736 2053 812 2117 Dne.
834 2065 867 2116 ut
887 2053 980 2116 oculis
999 2064 1067 2116 tuae
1083 2054 1243 2116 maiestatis
1314 2130 1318 2140 ¹

506 2153 591 2214 sVD.
612 2152 673 2228 Qui
694 2149 776 2236 [pro]
796 2163 918 2233 peccato

525 2251 582 2314 Per
601 2251 686 2312 huius
705 2250 782 2313 Dne.
802 2238 1002 2331 operationem
1021 2251 1151 2330 mysterii

505 2349 650 2430 *Respice
670 2349 814 2430 propitius
834 2349 911 2411 Dne.
933 2350 972 2411 ad
991 2350 1121 2412 debitam

714 2499 792 2562 Non.
804 2497 872 2560 Iun
915 2498 1020 2579 venenu
1036 2497 1234 2578 sseophom'ae.

505 2613 622 2676 *Corda
642 2623 742 2676 nostra
761 2632 790 2693 q.
809 2612 886 2675 Dne.
907 2624 1043 2675 venturae

524 2713 637 2774 Tribue
657 2731 687 2792 q.
707 2711 783 2772 Dne.
802 2721 835 2773 ut
854 2729 925 2774 eum
944 2712 1144 2791 praesentibus

505 2810 590 2871 eVD.
610 2811 659 2873 Te
679 2810 798 2871 laudare
816 2810 979 2872 mirabilem
999 2809 1098 2872 Deum

506 2910 664 2970 *illumina
683 2928 713 2989 q.
734 2907 810 2970 Dne.
831 2908 975 2988 populum
994 2918 1077 2969 tuum
1097 2908 1141 2990 (et
1161 2906 1211 2989 R.)
1231 2907 1389 2987 splendore

627 3059 684 3119 viii
692 3056 739 3118 Id.
751 3056 817 3120 Ian.
861 3057 1039 3136 Wophum'a
1056 3054 1111 3140 [ad
1121 3055 1153 3117 S.
1166 3052 1309 3138 Petrum}

526 3172 610 3234 Deus
630 3173 681 3252 qui
702 3172 843 3234 hodierna
863 3172 911 3233 die
931 3170 1123 3251 Unigenitum

508 3270 563 3333 eo.
584 3290 607 3331 s.
626 3270 664 3331 D.
685 3271 735 3351 qul
756 3270 847 3332 Verbi
867 3270 911 3331 tui
930 3271 1161 3333 incarnationem

526 3369 675 3430 Ecclesiae
696 3383 763 3430 tuae
782 3387 812 3448 q.
833 3367 911 3430 Dne.
933 3368 1012 3430 dona
1030 3369 1173 3448 propitius
1194 3368 1306 3428 intuere

507 3467 592 3546 ΝΒ.
613 3466 678 3529 Nos
698 3478 727 3528 te
748 3467 865 3528 laudare
886 3467 1071 3546 omnipotens
1090 3466 1129 3527 D.

525 3566 787 3628 communicantes
805 3575 835 3627 et
854 3565 933 3627 diem
953 3565 1179 3627 sacratissimum

525 3664 644 3726 Praesta
664 3682 693 3743 q.
715 3663 792 3724 Dne.
812 3662 850 3723 D.
870 3675 971 3725 noster
990 3672 1023 3723 ut
1042 3681 1119 3741 quae
1140 3660 1265 3723 solemni

506 3762 606 3825 *Deus
626 3762 678 3843 qui
699 3781 751 3842 per
771 3762 857 3823 huius
878 3761 1051 3823 celebritatis
1071 3760 1239 3841 mysterium

848 3904 935 3964 Altius
951 3901 1106 3964 Oratam

525 4022 608 4082 Deus
628 4021 804 4082 illuminator
824 4017 957 4082 omnium
977 4017 1109 4097 gentium

526 4119 564 4182 Ο.
586 4138 609 4180 s.
628 4119 667 4180 D.
688 4119 816 4180 fidelium
836 4115 977 4196 splendor
997 4115 1161 4176 animarum

507 4218 573 4279 *Da
593 4219 679 4279 nobis
700 4237 729 4298 q.
750 4216 827 4278 Dne.
847 4216 936 4295 digne
956 4214 1103 4276 celebrare
1123 4212 1291 4291 mysterium

525 4318 645 4378 Praesta
666 4335 695 4396 q.
715 4334 743 4377 o.
763 4316 800 4375 D.
820 4325 853 4374 ut
875 4313 1032 4375 Salvatoris
1052 4310 1155 4372 mundi

725 4461 878 4522 Domrin'ca
892 4460 916 4522 I
921 4468 986 4540 port
999 4459 1215 4538 neoplannm.

527 4580 606 4642 Vota
626 4599 655 4660 q.
676 4578 753 4638 Dne.
774 4578 961 4658 supplicantis
981 4577 1083 4656 populi

528 4679 589 4740 Fac
610 4697 666 4740 nos
686 4677 764 4738 Dne.
784 4677 821 4738 D.
843 4697 873 4738 n.
893 4677 950 4738 tuis
970 4675 1088 4738 obedire
1108 4673 1252 4736 mandatis
