<?xml version="1.0" encoding="UTF-8"?>
<!DOCTYPE html PUBLIC "-//W3C//DTD XHTML 1.0 Transitional//EN"
    "http://www.w3.org/TR/xhtml1/DTD/xhtml1-transitional.dtd">
<html xmlns="http://www.w3.org/1999/xhtml" xml:lang="en" lang="en">
 <head>
  <title>
</title>
<meta http-equiv="Content-Type" content="text/html;charset=utf-8" />
  <meta name='ocr-system' content='tesseract 3.04.00' />
  <meta name='ocr-capabilities' content='ocr_page ocr_carea ocr_par ocr_line ocrx_word'/>
</head>
<body>
  <div class='ocr_page' id='page_1' title='image "./gelasiansacrame00wilsgoog_0445.png"; bbox 0 0 3352 5828; ppageno 0'>
   <div class='ocr_carea' id='block_1_1' title="bbox 235 544 367 679">
    <p class='ocr_par' dir='ltr' id='par_1_1' title="bbox 235 544 367 679">
     <span class='ocr_line' id='line_1_1' title="bbox 235 544 367 679; baseline 0.015 -17"><span class='ocrx_word' id='word_1_1' title='bbox 235 544 367 679; x_wconf 48' lang='lat' dir='ltr'><strong>teto·</strong></span> 
     </span>
    </p>
   </div>
   <div class='ocr_carea' id='block_1_2' title="bbox 415 375 479 450">
    <p class='ocr_par' dir='ltr' id='par_1_2' title="bbox 415 375 479 450">
     <span class='ocr_line' id='line_1_2' title="bbox 415 375 479 450; baseline -0.031 0"><span class='ocrx_word' id='word_1_2' title='bbox 415 375 479 450; x_wconf 80' lang='lat'><strong>352</strong></span> 
     </span>
    </p>
   </div>
   <div class='ocr_carea' id='block_1_3' title="bbox 854 369 1087 428">
    <p class='ocr_par' dir='ltr' id='par_1_3' title="bbox 854 369 1087 428">
     <span class='ocr_line' id='line_1_3' title="bbox 854 369 1087 428; baseline -0.004 0"><span class='ocrx_word' id='word_1_3' title='bbox 854 369 1087 428; x_wconf 79' lang='lat' dir='ltr'><strong>APPENDIX.</strong></span> 
     </span>
    </p>
   </div>
   <div class='ocr_carea' id='block_1_4' title="bbox 500 533 1181 734">
    <p class='ocr_par' dir='ltr' id='par_1_4' title="bbox 500 533 1181 734">
     <span class='ocr_line' id='line_1_4' title="bbox 749 533 1181 615; baseline -0.002 -18"><span class='ocrx_word' id='word_1_4' title='bbox 749 533 849 598; x_wconf 75' lang='lat' dir='ltr'><strong>Hebd.</strong></span> <span class='ocrx_word' id='word_1_5' title='bbox 862 537 914 598; x_wconf 78' lang='lat' dir='ltr'><strong>xri&#39;</strong></span> <span class='ocrx_word' id='word_1_6' title='bbox 918 543 984 615; x_wconf 81' lang='lat' dir='ltr'><strong>post</strong></span> <span class='ocrx_word' id='word_1_7' title='bbox 994 535 1181 597; x_wconf 77' lang='lat' dir='ltr'><em>Pentecosten.</em></span> 
     </span>
     <span class='ocr_line' id='line_1_5' title="bbox 500 653 991 734; baseline 0.008 -22"><span class='ocrx_word' id='word_1_8' title='bbox 500 654 554 715; x_wconf 74' lang='lat' dir='ltr'><strong>sD.</strong></span> <span class='ocrx_word' id='word_1_9' title='bbox 575 654 625 733; x_wconf 91' lang='lat' dir='ltr'><strong>qui</strong></span> <span class='ocrx_word' id='word_1_10' title='bbox 645 653 889 734; x_wconf 76' lang='lat' dir='ltr'><strong>omnipotentiam</strong></span> <span class='ocrx_word' id='word_1_11' title='bbox 909 662 991 716; x_wconf 82' lang='lat' dir='ltr'><strong>tuam</strong></span> 
     </span>
    </p>
   </div>
   <div class='ocr_carea' id='block_1_5' title="bbox 498 751 1149 1034">
    <p class='ocr_par' dir='ltr' id='par_1_5' title="bbox 498 751 1149 1034">
     <span class='ocr_line' id='line_1_6' title="bbox 518 751 927 833; baseline 0.005 -21"><span class='ocrx_word' id='word_1_12' title='bbox 518 751 557 813; x_wconf 90' lang='grc' dir='ltr'><strong>Ι).</strong></span> <span class='ocrx_word' id='word_1_13' title='bbox 577 752 629 832; x_wconf 85' lang='lat' dir='ltr'><strong>qni</strong></span> <span class='ocrx_word' id='word_1_14' title='bbox 649 753 725 815; x_wconf 74' lang='lat' dir='ltr'><strong>iuste</strong></span> <span class='ocrx_word' id='word_1_15' title='bbox 745 752 927 833; x_wconf 76' lang='lat' dir='ltr'><strong>postulantes</strong></span> 
     </span>
     <span class='ocr_line' id='line_1_7' title="bbox 519 850 1149 914; baseline 0.002 -3"><span class='ocrx_word' id='word_1_16' title='bbox 519 851 592 912; x_wconf 90' lang='lat' dir='ltr'>Tibi</span> <span class='ocrx_word' id='word_1_17' title='bbox 612 850 690 912; x_wconf 86' lang='lat' dir='ltr'><strong>Due.</strong></span> <span class='ocrx_word' id='word_1_18' title='bbox 711 852 855 914; x_wconf 84' lang='lat' dir='ltr'><strong>sacrificia</strong></span> <span class='ocrx_word' id='word_1_19' title='bbox 874 851 973 914; x_wconf 89' lang='lat' dir='ltr'><strong>dicata</strong></span> <span class='ocrx_word' id='word_1_20' title='bbox 992 851 1149 912; x_wconf 81' lang='lat' dir='ltr'><strong>reddantur</strong></span> 
     </span>
     <span class='ocr_line' id='line_1_8' title="bbox 498 946 1069 1034; baseline 0.009 -27"><span class='ocrx_word' id='word_1_21' title='bbox 498 949 582 1010; x_wconf 72' lang='lat' dir='ltr'><strong>svD.</strong></span> <span class='ocrx_word' id='word_1_22' title='bbox 604 946 659 1032; x_wconf 84' lang='lat' dir='ltr'><strong>[Ut</strong></span> <span class='ocrx_word' id='word_1_23' title='bbox 678 946 721 1034; x_wconf 85' lang='lat' dir='ltr'><strong>te]</strong></span> <span class='ocrx_word' id='word_1_24' title='bbox 742 950 908 1030; x_wconf 80' lang='lat' dir='ltr'><strong>postposita</strong></span> <span class='ocrx_word' id='word_1_25' title='bbox 927 959 1069 1012; x_wconf 85' lang='lat' dir='ltr'><strong>vetustate</strong></span> 
     </span>
    </p>
   </div>
   <div class='ocr_carea' id='block_1_6' title="bbox 518 1046 1204 1290">
    <p class='ocr_par' dir='ltr' id='par_1_6' title="bbox 518 1046 1204 1290">
     <span class='ocr_line' id='line_1_9' title="bbox 518 1046 1111 1130; baseline -0.002 -21"><span class='ocrx_word' id='word_1_26' title='bbox 518 1048 557 1123; x_wconf 88' lang='lat' dir='ltr'><strong>Q.</strong></span> <span class='ocrx_word' id='word_1_27' title='bbox 579 1047 656 1110; x_wconf 84' lang='lat' dir='ltr'><strong>Due.</strong></span> <span class='ocrx_word' id='word_1_28' title='bbox 677 1046 717 1108; x_wconf 89' lang='lat' dir='ltr'><strong>D.</strong></span> <span class='ocrx_word' id='word_1_29' title='bbox 738 1058 838 1110; x_wconf 88' lang='lat' dir='ltr'><strong>noster</strong></span> <span class='ocrx_word' id='word_1_30' title='bbox 857 1058 890 1110; x_wconf 87' lang='lat' dir='ltr'><strong>nt</strong></span> <span class='ocrx_word' id='word_1_31' title='bbox 910 1066 987 1130; x_wconf 88' lang='lat' dir='ltr'><strong>quos</strong></span> <span class='ocrx_word' id='word_1_32' title='bbox 1007 1047 1111 1109; x_wconf 83' lang='lat' dir='ltr'><strong>divinis</strong></span> 
     </span>
     <span class='ocr_line' id='line_1_10' title="bbox 728 1202 1204 1290; baseline -0.002 -23"><span class='ocrx_word' id='word_1_33' title='bbox 728 1202 831 1290; x_wconf 78' lang='lat' dir='ltr'><strong>[vilei.</strong></span> <span class='ocrx_word' id='word_1_34' title='bbox 845 1205 926 1286; x_wconf 78' lang='lat' dir='ltr'><strong>Aug.</strong></span> <span class='ocrx_word' id='word_1_35' title='bbox 937 1206 1009 1269; x_wconf 84' lang='lat' dir='ltr'><strong>Nat.</strong></span> <span class='ocrx_word' id='word_1_36' title='bbox 1023 1205 1056 1268; x_wconf 92' lang='lat' dir='ltr'><strong>S.</strong></span> <span class='ocrx_word' id='word_1_37' title='bbox 1072 1204 1204 1285; x_wconf 61' lang='lat' dir='ltr'><strong>cyrene:</strong></span> 
     </span>
    </p>
   </div>
   <div class='ocr_carea' id='block_1_7' title="bbox 254 1320 1011 1403">
    <p class='ocr_par' dir='ltr' id='par_1_7' title="bbox 254 1320 1011 1403">
     <span class='ocr_line' id='line_1_11' title="bbox 254 1320 1011 1403; baseline 0.004 -22"><span class='ocrx_word' id='word_1_38' title='bbox 254 1321 261 1335; x_wconf 84' lang='grc'><strong>’</strong></span> <span class='ocrx_word' id='word_1_39' title='bbox 324 1320 386 1370; x_wconf 91' lang='lat'><strong>&#39;·</strong></span> <span class='ocrx_word' id='word_1_40' title='bbox 519 1320 1011 1403; x_wconf 79' lang='lat' dir='ltr'><strong>D.qninosannuab.Cyriaei</strong></span> 
     </span>
    </p>
   </div>
   <div class='ocr_carea' id='block_1_8' title="bbox 502 1417 1314 1602">
    <p class='ocr_par' dir='ltr' id='par_1_8' title="bbox 502 1417 1314 1602">
     <span class='ocr_line' id='line_1_12' title="bbox 502 1417 1126 1503; baseline 0.005 -24"><span class='ocrx_word' id='word_1_41' title='bbox 502 1418 643 1498; x_wconf 67' lang='lat' dir='ltr'><strong>*Suscipe</strong></span> <span class='ocrx_word' id='word_1_42' title='bbox 664 1417 742 1482; x_wconf 87' lang='lat' dir='ltr'><strong>Due.</strong></span> <span class='ocrx_word' id='word_1_43' title='bbox 762 1420 936 1482; x_wconf 86' lang='lat' dir='ltr'><strong>sacrificium</strong></span> <span class='ocrx_word' id='word_1_44' title='bbox 954 1421 1126 1503; x_wconf 68' lang='lat' dir='ltr'><strong>placationis</strong></span> 
     </span>
     <span class='ocr_line' id='line_1_13' title="bbox 521 1515 1314 1602; baseline 0.003 -24"><span class='ocrx_word' id='word_1_45' title='bbox 521 1517 561 1592; x_wconf 91' lang='lat' dir='ltr'><strong>Q.</strong></span> <span class='ocrx_word' id='word_1_46' title='bbox 583 1517 659 1578; x_wconf 89' lang='lat' dir='ltr'><strong>Dne.</strong></span> <span class='ocrx_word' id='word_1_47' title='bbox 680 1516 719 1578; x_wconf 92' lang='lat' dir='ltr'><strong>D.</strong></span> <span class='ocrx_word' id='word_1_48' title='bbox 739 1530 838 1581; x_wconf 84' lang='lat' dir='ltr'><strong>noster</strong></span> <span class='ocrx_word' id='word_1_49' title='bbox 858 1529 889 1581; x_wconf 90' lang='lat' dir='ltr'><strong>ut</strong></span> <span class='ocrx_word' id='word_1_50' title='bbox 908 1515 1178 1602; x_wconf 79' lang='lat' dir='ltr'><strong>intervenientibus]</strong></span> <span class='ocrx_word' id='word_1_51' title='bbox 1310 1581 1314 1589; x_wconf 77' lang='grc'><em>,</em></span> 
     </span>
    </p>
   </div>
   <div class='ocr_carea' id='block_1_9' title="bbox 730 1675 1205 1758">
    <p class='ocr_par' dir='ltr' id='par_1_9' title="bbox 730 1675 1205 1758">
     <span class='ocr_line' id='line_1_14' title="bbox 730 1675 1205 1758; baseline -0.002 -20"><span class='ocrx_word' id='word_1_52' title='bbox 730 1675 809 1738; x_wconf 83' lang='lat' dir='ltr'><strong>old.</strong></span> <span class='ocrx_word' id='word_1_53' title='bbox 823 1677 903 1757; x_wconf 77' lang='lat' dir='ltr'><strong>Aug.</strong></span> <span class='ocrx_word' id='word_1_54' title='bbox 924 1677 985 1758; x_wconf 78' lang='lat' dir='ltr'><strong>Vs&#39;g.</strong></span> <span class='ocrx_word' id='word_1_55' title='bbox 999 1677 1032 1739; x_wconf 91' lang='lat' dir='ltr'><strong>S.</strong></span> <span class='ocrx_word' id='word_1_56' title='bbox 1045 1678 1205 1738; x_wconf 66' lang='lat' dir='ltr'><strong>Lemnon:</strong></span> 
     </span>
    </p>
   </div>
   <div class='ocr_carea' id='block_1_10' title="bbox 500 1789 1266 2371">
    <p class='ocr_par' dir='ltr' id='par_1_10' title="bbox 519 1789 1132 1873">
     <span class='ocr_line' id='line_1_15' title="bbox 519 1789 1132 1873; baseline 0.002 -20"><span class='ocrx_word' id='word_1_57' title='bbox 519 1790 632 1854; x_wconf 81' lang='lat' dir='ltr'>Adesto</span> <span class='ocrx_word' id='word_1_58' title='bbox 652 1789 728 1853; x_wconf 87' lang='lat' dir='ltr'><strong>Due.</strong></span> <span class='ocrx_word' id='word_1_59' title='bbox 749 1793 1006 1873; x_wconf 79' lang='lat' dir='ltr'><strong>supplicationibus</strong></span> <span class='ocrx_word' id='word_1_60' title='bbox 1026 1793 1132 1856; x_wconf 87' lang='lat' dir='ltr'><strong>nostris</strong></span> 
     </span>
    </p>

    <p class='ocr_par' dir='ltr' id='par_1_11' title="bbox 501 1890 1036 1971">
     <span class='ocr_line' id='line_1_16' title="bbox 501 1890 1036 1971; baseline 0.009 -23"><span class='ocrx_word' id='word_1_61' title='bbox 501 1890 553 1952; x_wconf 76' lang='lat' dir='ltr'><strong>sB.</strong></span> <span class='ocrx_word' id='word_1_62' title='bbox 574 1890 724 1952; x_wconf 87' lang='lat' dir='ltr'><strong>Laurentii</strong></span> <span class='ocrx_word' id='word_1_63' title='bbox 744 1892 877 1971; x_wconf 86' lang='lat' dir='ltr'><strong>martyris</strong></span> <span class='ocrx_word' id='word_1_64' title='bbox 897 1892 939 1953; x_wconf 85' lang='lat' dir='ltr'><strong>tui</strong></span> <span class='ocrx_word' id='word_1_65' title='bbox 959 1891 1036 1953; x_wconf 86' lang='lat' dir='ltr'><strong>Due.</strong></span> 
     </span>
    </p>

    <p class='ocr_par' dir='ltr' id='par_1_12' title="bbox 519 1989 1075 2069">
     <span class='ocr_line' id='line_1_17' title="bbox 519 1989 1075 2069; baseline 0.004 -19"><span class='ocrx_word' id='word_1_66' title='bbox 519 1989 642 2051; x_wconf 80' lang='lat' dir='ltr'><strong>Hostias</strong></span> <span class='ocrx_word' id='word_1_67' title='bbox 661 1989 739 2051; x_wconf 86' lang='lat' dir='ltr'><strong>Dne.</strong></span> <span class='ocrx_word' id='word_1_68' title='bbox 759 2007 834 2069; x_wconf 87' lang='lat' dir='ltr'><strong>quas</strong></span> <span class='ocrx_word' id='word_1_69' title='bbox 853 1990 905 2051; x_wconf 77' lang='lat' dir='ltr'><strong>tiri</strong></span> <span class='ocrx_word' id='word_1_70' title='bbox 926 1991 1075 2052; x_wconf 85' lang='lat' dir='ltr'><strong>offerimus</strong></span> 
     </span>
    </p>

    <p class='ocr_par' dir='ltr' id='par_1_13' title="bbox 500 2084 1044 2173">
     <span class='ocr_line' id='line_1_18' title="bbox 500 2084 1044 2173; baseline 0.007 -26"><span class='ocrx_word' id='word_1_71' title='bbox 500 2087 586 2149; x_wconf 72' lang='lat' dir='ltr'><strong>eVD.</strong></span> <span class='ocrx_word' id='word_1_72' title='bbox 607 2084 899 2173; x_wconf 82' lang='lat' dir='ltr'><strong>[Praevenientesi]¹</strong></span> <span class='ocrx_word' id='word_1_73' title='bbox 918 2088 1044 2151; x_wconf 82' lang='lat' dir='ltr'><strong>natalem</strong></span> 
     </span>
    </p>

    <p class='ocr_par' dir='ltr' id='par_1_14' title="bbox 519 2185 1266 2371">
     <span class='ocr_line' id='line_1_19' title="bbox 519 2185 1266 2265; baseline 0.004 -19"><span class='ocrx_word' id='word_1_74' title='bbox 519 2186 569 2248; x_wconf 91' lang='lat' dir='ltr'><strong>Da</strong></span> <span class='ocrx_word' id='word_1_75' title='bbox 588 2205 617 2265; x_wconf 91' lang='lat' dir='ltr'><strong>q.</strong></span> <span class='ocrx_word' id='word_1_76' title='bbox 636 2185 714 2249; x_wconf 87' lang='lat' dir='ltr'><strong>Due.</strong></span> <span class='ocrx_word' id='word_1_77' title='bbox 735 2186 776 2247; x_wconf 91' lang='lat' dir='ltr'><strong>D.</strong></span> <span class='ocrx_word' id='word_1_78' title='bbox 796 2198 896 2249; x_wconf 86' lang='lat' dir='ltr'><strong>noster</strong></span> <span class='ocrx_word' id='word_1_79' title='bbox 916 2196 948 2249; x_wconf 87' lang='lat' dir='ltr'><strong>nt</strong></span> <span class='ocrx_word' id='word_1_80' title='bbox 969 2188 1044 2249; x_wconf 87' lang='lat' dir='ltr'><strong>sicut</strong></span> <span class='ocrx_word' id='word_1_81' title='bbox 1064 2188 1093 2247; x_wconf 93' lang='lat' dir='ltr'><strong>b.</strong></span> <span class='ocrx_word' id='word_1_82' title='bbox 1115 2185 1266 2252; x_wconf 88' lang='lat' dir='ltr'><strong>Laurentii</strong></span> 
     </span>
     <span class='ocr_line' id='line_1_20' title="bbox 522 2281 1011 2371; baseline 0.002 -25"><span class='ocrx_word' id='word_1_83' title='bbox 522 2283 585 2371; x_wconf 84' lang='lat' dir='ltr'><strong>[Da</strong></span> <span class='ocrx_word' id='word_1_84' title='bbox 605 2306 634 2365; x_wconf 91' lang='lat' dir='ltr'><strong>q.</strong></span> <span class='ocrx_word' id='word_1_85' title='bbox 657 2304 684 2347; x_wconf 90' lang='lat' dir='ltr'><strong>o.</strong></span> <span class='ocrx_word' id='word_1_86' title='bbox 705 2285 743 2346; x_wconf 95' lang='lat' dir='ltr'><strong>D.</strong></span> <span class='ocrx_word' id='word_1_87' title='bbox 764 2297 797 2347; x_wconf 88' lang='lat' dir='ltr'><strong>ut</strong></span> <span class='ocrx_word' id='word_1_88' title='bbox 817 2281 1011 2369; x_wconf 88' lang='lat' dir='ltr'><strong>triumphurn]</strong></span> 
     </span>
    </p>
   </div>
   <div class='ocr_carea' id='block_1_11' title="bbox 573 2441 1354 2529">
    <p class='ocr_par' dir='ltr' id='par_1_15' title="bbox 573 2441 1354 2529">
     <span class='ocr_line' id='line_1_21' title="bbox 573 2441 1354 2529; baseline 0.003 -25"><span class='ocrx_word' id='word_1_89' title='bbox 573 2441 617 2529; x_wconf 80' lang='lat' dir='ltr'><strong>[io</strong></span> <span class='ocrx_word' id='word_1_90' title='bbox 630 2443 677 2505; x_wconf 81' lang='lat' dir='ltr'><strong>Id.</strong></span> <span class='ocrx_word' id='word_1_91' title='bbox 691 2444 771 2524; x_wconf 78' lang='lat' dir='ltr'><strong>Aug.</strong></span> <span class='ocrx_word' id='word_1_92' title='bbox 785 2444 857 2507; x_wconf 77' lang='lat' dir='ltr'><strong>Nae.</strong></span> <span class='ocrx_word' id='word_1_93' title='bbox 872 2444 905 2506; x_wconf 89' lang='lat' dir='ltr'><strong>S.</strong></span> <span class='ocrx_word' id='word_1_94' title='bbox 918 2445 1075 2505; x_wconf 69' lang='lat' dir='ltr'><strong>Laurentis·</strong></span> <span class='ocrx_word' id='word_1_95' title='bbox 1083 2445 1114 2504; x_wconf 79' lang='lat' dir='ltr'><strong>in</strong></span> <span class='ocrx_word' id='word_1_96' title='bbox 1127 2443 1234 2504; x_wconf 77' lang='lat' dir='ltr'><strong>Preion</strong></span> <span class='ocrx_word' id='word_1_97' title='bbox 1248 2442 1354 2507; x_wconf 71' lang='lat' dir='ltr'><strong>Moira</strong></span> 
     </span>
    </p>
   </div>
   <div class='ocr_carea' id='block_1_12' title="bbox 504 2558 1257 2839">
    <p class='ocr_par' dir='ltr' id='par_1_16' title="bbox 504 2558 1257 2839">
     <span class='ocr_line' id='line_1_22' title="bbox 520 2558 920 2622; baseline 0.003 -1"><span class='ocrx_word' id='word_1_98' title='bbox 520 2560 627 2621; x_wconf 84' lang='lat' dir='ltr'><strong>Excita</strong></span> <span class='ocrx_word' id='word_1_99' title='bbox 646 2558 725 2620; x_wconf 89' lang='lat' dir='ltr'><strong>Dne.</strong></span> <span class='ocrx_word' id='word_1_100' title='bbox 746 2560 778 2620; x_wconf 90' lang='lat' dir='ltr'><strong>in</strong></span> <span class='ocrx_word' id='word_1_101' title='bbox 798 2560 920 2622; x_wconf 84' lang='lat' dir='ltr'><strong>eeclesia</strong></span> 
     </span>
     <span class='ocr_line' id='line_1_23' title="bbox 504 2656 1257 2738; baseline 0.005 -24"><span class='ocrx_word' id='word_1_102' title='bbox 504 2658 646 2738; x_wconf 68' lang='lat' dir='ltr'><strong>*Respice</strong></span> <span class='ocrx_word' id='word_1_103' title='bbox 667 2657 747 2719; x_wconf 88' lang='lat' dir='ltr'><strong>Dne.</strong></span> <span class='ocrx_word' id='word_1_104' title='bbox 764 2676 887 2719; x_wconf 89' lang='lat' dir='ltr'><strong>munera</strong></span> <span class='ocrx_word' id='word_1_105' title='bbox 906 2675 981 2737; x_wconf 81' lang='lat' dir='ltr'><strong>quse</strong></span> <span class='ocrx_word' id='word_1_106' title='bbox 1002 2658 1033 2717; x_wconf 89' lang='lat' dir='ltr'><strong>in</strong></span> <span class='ocrx_word' id='word_1_107' title='bbox 1055 2656 1084 2718; x_wconf 92' lang='lat' dir='ltr'><strong>S.</strong></span> <span class='ocrx_word' id='word_1_108' title='bbox 1107 2656 1257 2720; x_wconf 84' lang='lat' dir='ltr'><strong>Laurentii</strong></span> 
     </span>
     <span class='ocr_line' id='line_1_24' title="bbox 504 2752 992 2839; baseline 0.004 -25"><span class='ocrx_word' id='word_1_109' title='bbox 504 2756 561 2831; x_wconf 74' lang='lat' dir='ltr'><strong>sQ.</strong></span> <span class='ocrx_word' id='word_1_110' title='bbox 581 2775 609 2818; x_wconf 95' lang='lat' dir='ltr'><strong>o.</strong></span> <span class='ocrx_word' id='word_1_111' title='bbox 629 2756 667 2816; x_wconf 87' lang='lat' dir='ltr'><strong>D.</strong></span> <span class='ocrx_word' id='word_1_112' title='bbox 688 2766 721 2817; x_wconf 90' lang='lat' dir='ltr'><strong>ut</strong></span> <span class='ocrx_word' id='word_1_113' title='bbox 740 2755 870 2817; x_wconf 91' lang='lat' dir='ltr'><strong>muneris</strong></span> <span class='ocrx_word' id='word_1_114' title='bbox 890 2752 992 2839; x_wconf 88' lang='lat' dir='ltr'><strong>divini]</strong></span> 
     </span>
    </p>
   </div>
   <div class='ocr_carea' id='block_1_13' title="bbox 706 2912 1240 2996">
    <p class='ocr_par' dir='ltr' id='par_1_17' title="bbox 706 2912 1240 2996">
     <span class='ocr_line' id='line_1_25' title="bbox 706 2912 1240 2996; baseline 0 -21"><span class='ocrx_word' id='word_1_115' title='bbox 706 2914 777 2975; x_wconf 84' lang='lat' dir='ltr'><strong>Item</strong></span> <span class='ocrx_word' id='word_1_116' title='bbox 791 2915 831 2975; x_wconf 80' lang='lat' dir='ltr'><strong>od</strong></span> <span class='ocrx_word' id='word_1_117' title='bbox 841 2914 965 2975; x_wconf 82' lang='lat' dir='ltr'><strong>Missam</strong></span> <span class='ocrx_word' id='word_1_118' title='bbox 981 2912 1030 2995; x_wconf 89' lang='lat' dir='ltr'><strong>(R.</strong></span> <span class='ocrx_word' id='word_1_119' title='bbox 1044 2913 1117 2974; x_wconf 86' lang='lat' dir='ltr'><strong>adds</strong></span> <span class='ocrx_word' id='word_1_120' title='bbox 1132 2915 1162 2973; x_wconf 82' lang='lat' dir='ltr'><strong>r&#39;n</strong></span> <span class='ocrx_word' id='word_1_121' title='bbox 1176 2913 1240 2996; x_wconf 80' lang='lat' dir='ltr'><strong>die).</strong></span> 
     </span>
    </p>
   </div>
   <div class='ocr_carea' id='block_1_14' title="bbox 505 3029 1209 3484">
    <p class='ocr_par' dir='ltr' id='par_1_18' title="bbox 522 3029 986 3109">
     <span class='ocr_line' id='line_1_26' title="bbox 522 3029 986 3109; baseline -0.002 -18"><span class='ocrx_word' id='word_1_122' title='bbox 522 3029 571 3091; x_wconf 86' lang='lat' dir='ltr'><strong>Da</strong></span> <span class='ocrx_word' id='word_1_123' title='bbox 591 3032 676 3091; x_wconf 90' lang='lat' dir='ltr'><strong>nobis</strong></span> <span class='ocrx_word' id='word_1_124' title='bbox 696 3049 726 3109; x_wconf 92' lang='lat' dir='ltr'><strong>q.</strong></span> <span class='ocrx_word' id='word_1_125' title='bbox 745 3049 774 3092; x_wconf 91' lang='lat' dir='ltr'><strong>o.</strong></span> <span class='ocrx_word' id='word_1_126' title='bbox 793 3029 833 3089; x_wconf 92' lang='lat' dir='ltr'><strong>D.</strong></span> <span class='ocrx_word' id='word_1_127' title='bbox 851 3030 986 3091; x_wconf 85' lang='lat' dir='ltr'><strong>vitiorum</strong></span> 
     </span>
    </p>

    <p class='ocr_par' dir='ltr' id='par_1_19' title="bbox 505 3127 1054 3304">
     <span class='ocr_line' id='line_1_27' title="bbox 524 3127 1054 3206; baseline -0.002 -19"><span class='ocrx_word' id='word_1_128' title='bbox 524 3127 563 3188; x_wconf 91' lang='lat' dir='ltr'><strong>D.</strong></span> <span class='ocrx_word' id='word_1_129' title='bbox 582 3127 685 3188; x_wconf 88' lang='lat' dir='ltr'><strong>mundi</strong></span> <span class='ocrx_word' id='word_1_130' title='bbox 706 3137 818 3188; x_wconf 89' lang='lat' dir='ltr'><strong>creator</strong></span> <span class='ocrx_word' id='word_1_131' title='bbox 838 3136 868 3188; x_wconf 87' lang='lat' dir='ltr'><strong>et</strong></span> <span class='ocrx_word' id='word_1_132' title='bbox 886 3137 980 3188; x_wconf 87' lang='lat' dir='ltr'><strong>rector</strong></span> <span class='ocrx_word' id='word_1_133' title='bbox 1000 3127 1054 3206; x_wconf 91' lang='lat' dir='ltr'><strong>qui</strong></span> 
     </span>
     <span class='ocr_line' id='line_1_28' title="bbox 505 3224 1052 3304; baseline 0.004 -21"><span class='ocrx_word' id='word_1_134' title='bbox 505 3224 642 3286; x_wconf 61' lang='lat' dir='ltr'><strong>*Praesta</strong></span> <span class='ocrx_word' id='word_1_135' title='bbox 661 3245 691 3304; x_wconf 87' lang='lat' dir='ltr'><strong>q.</strong></span> <span class='ocrx_word' id='word_1_136' title='bbox 712 3225 789 3287; x_wconf 86' lang='lat' dir='ltr'><strong>Due.</strong></span> <span class='ocrx_word' id='word_1_137' title='bbox 808 3235 841 3286; x_wconf 88' lang='lat' dir='ltr'><strong>nt</strong></span> <span class='ocrx_word' id='word_1_138' title='bbox 861 3226 939 3287; x_wconf 86' lang='lat' dir='ltr'><strong>beati</strong></span> <span class='ocrx_word' id='word_1_139' title='bbox 959 3225 1052 3285; x_wconf 83' lang='lat' dir='ltr'><strong>sancti</strong></span> 
     </span>
    </p>

    <p class='ocr_par' dir='ltr' id='par_1_20' title="bbox 506 3322 923 3385">
     <span class='ocr_line' id='line_1_29' title="bbox 506 3322 923 3385; baseline 0.01 -5"><span class='ocrx_word' id='word_1_140' title='bbox 506 3322 591 3383; x_wconf 79' lang='lat' dir='ltr'><strong>sVD.</strong></span> <span class='ocrx_word' id='word_1_141' title='bbox 612 3323 649 3384; x_wconf 90' lang='lat' dir='ltr'><strong>In</strong></span> <span class='ocrx_word' id='word_1_142' title='bbox 669 3323 717 3384; x_wconf 87' lang='lat' dir='ltr'><strong>die</strong></span> <span class='ocrx_word' id='word_1_143' title='bbox 736 3323 923 3385; x_wconf 82' lang='lat' dir='ltr'><strong>solemnitatis</strong></span> 
     </span>
    </p>

    <p class='ocr_par' dir='ltr' id='par_1_21' title="bbox 526 3419 1209 3484">
     <span class='ocr_line' id='line_1_30' title="bbox 526 3419 1209 3484; baseline -0.003 -2"><span class='ocrx_word' id='word_1_144' title='bbox 526 3422 621 3484; x_wconf 89' lang='lat' dir='ltr'><strong>Prosit</strong></span> <span class='ocrx_word' id='word_1_145' title='bbox 640 3422 728 3483; x_wconf 90' lang='lat' dir='ltr'><strong>nobis</strong></span> <span class='ocrx_word' id='word_1_146' title='bbox 747 3421 824 3483; x_wconf 87' lang='lat' dir='ltr'><strong>Dne.</strong></span> <span class='ocrx_word' id='word_1_147' title='bbox 846 3421 876 3482; x_wconf 89' lang='lat' dir='ltr'><strong>S.</strong></span> <span class='ocrx_word' id='word_1_148' title='bbox 895 3420 1042 3483; x_wconf 87' lang='lat' dir='ltr'><strong>Laurentii</strong></span> <span class='ocrx_word' id='word_1_149' title='bbox 1062 3419 1209 3482; x_wconf 83' lang='lat' dir='ltr'><strong>celebrata</strong></span> 
     </span>
    </p>
   </div>
   <div class='ocr_carea' id='block_1_15' title="bbox 806 3578 1137 3643">
    <p class='ocr_par' dir='ltr' id='par_1_22' title="bbox 806 3578 1137 3643">
     <span class='ocr_line' id='line_1_31' title="bbox 806 3578 1137 3643; baseline -0.021 0"><span class='ocrx_word' id='word_1_150' title='bbox 806 3579 877 3643; x_wconf 80' lang='lat' dir='ltr'><strong>Item</strong></span> <span class='ocrx_word' id='word_1_151' title='bbox 890 3581 965 3642; x_wconf 65' lang='lat' dir='ltr'><strong>aleas</strong></span> <span class='ocrx_word' id='word_1_152' title='bbox 981 3578 1137 3640; x_wconf 75' lang='lat' dir='ltr'><strong>Orationes.</strong></span> 
     </span>
    </p>
   </div>
   <div class='ocr_carea' id='block_1_16' title="bbox 525 3690 1202 3972">
    <p class='ocr_par' dir='ltr' id='par_1_23' title="bbox 525 3690 1202 3972">
     <span class='ocr_line' id='line_1_32' title="bbox 526 3690 989 3778; baseline 0.009 -26"><span class='ocrx_word' id='word_1_153' title='bbox 526 3691 599 3777; x_wconf 77' lang='lat' dir='ltr'><strong>[sD.</strong></span> <span class='ocrx_word' id='word_1_154' title='bbox 620 3695 703 3756; x_wconf 89' lang='lat' dir='ltr'><strong>euius</strong></span> <span class='ocrx_word' id='word_1_155' title='bbox 724 3695 849 3756; x_wconf 85' lang='lat' dir='ltr'><strong>caritatis</strong></span> <span class='ocrx_word' id='word_1_156' title='bbox 870 3690 989 3778; x_wconf 88' lang='lat' dir='ltr'><strong>ardore]</strong></span> 
     </span>
     <span class='ocr_line' id='line_1_33' title="bbox 525 3788 1202 3880; baseline -0.006 -24"><span class='ocrx_word' id='word_1_157' title='bbox 525 3793 571 3880; x_wconf 91' lang='lat' dir='ltr'><strong>[S.</strong></span> <span class='ocrx_word' id='word_1_158' title='bbox 592 3793 741 3856; x_wconf 87' lang='lat' dir='ltr'><strong>Laurentii</strong></span> <span class='ocrx_word' id='word_1_159' title='bbox 761 3815 817 3857; x_wconf 89' lang='lat' dir='ltr'><strong>nos</strong></span> <span class='ocrx_word' id='word_1_160' title='bbox 838 3795 916 3857; x_wconf 90' lang='lat' dir='ltr'><strong>Dne.</strong></span> <span class='ocrx_word' id='word_1_161' title='bbox 936 3804 1038 3856; x_wconf 87' lang='lat' dir='ltr'><strong>sancta</strong></span> <span class='ocrx_word' id='word_1_162' title='bbox 1057 3788 1202 3874; x_wconf 85' lang='lat' dir='ltr'><strong>precatio]</strong></span> 
     </span>
     <span class='ocr_line' id='line_1_34' title="bbox 526 3891 1152 3972; baseline -0.008 -18"><span class='ocrx_word' id='word_1_163' title='bbox 526 3893 612 3954; x_wconf 87' lang='lat' dir='ltr'><strong>Adsit</strong></span> <span class='ocrx_word' id='word_1_164' title='bbox 633 3893 720 3954; x_wconf 89' lang='lat' dir='ltr'><strong>uobis</strong></span> <span class='ocrx_word' id='word_1_165' title='bbox 739 3893 817 3956; x_wconf 87' lang='lat' dir='ltr'><strong>Due.</strong></span> <span class='ocrx_word' id='word_1_166' title='bbox 837 3914 867 3972; x_wconf 93' lang='lat' dir='ltr'><strong>q.</strong></span> <span class='ocrx_word' id='word_1_167' title='bbox 888 3894 981 3954; x_wconf 87' lang='lat' dir='ltr'><strong>sancti</strong></span> <span class='ocrx_word' id='word_1_168' title='bbox 1002 3891 1152 3952; x_wconf 87' lang='lat' dir='ltr'><strong>Laurentii</strong></span> 
     </span>
    </p>
   </div>
   <div class='ocr_carea' id='block_1_17' title="bbox 525 3992 1217 4437">
    <p class='ocr_par' dir='ltr' id='par_1_24' title="bbox 525 3992 1055 4072">
     <span class='ocr_line' id='line_1_35' title="bbox 525 3992 1055 4072; baseline -0.004 -19"><span class='ocrx_word' id='word_1_169' title='bbox 525 3993 644 4054; x_wconf 87' lang='lat' dir='ltr'><strong>Praesta</strong></span> <span class='ocrx_word' id='word_1_170' title='bbox 664 4012 694 4072; x_wconf 88' lang='lat' dir='ltr'><strong>q.</strong></span> <span class='ocrx_word' id='word_1_171' title='bbox 714 3992 790 4054; x_wconf 91' lang='lat' dir='ltr'><strong>Dne.</strong></span> <span class='ocrx_word' id='word_1_172' title='bbox 810 4002 842 4052; x_wconf 89' lang='lat' dir='ltr'><strong>ut</strong></span> <span class='ocrx_word' id='word_1_173' title='bbox 863 4010 978 4071; x_wconf 86' lang='lat' dir='ltr'><strong>semper</strong></span> <span class='ocrx_word' id='word_1_174' title='bbox 999 4008 1055 4052; x_wconf 89' lang='lat' dir='ltr'><strong>nos</strong></span> 
     </span>
    </p>

    <p class='ocr_par' dir='ltr' id='par_1_25' title="bbox 525 4138 1217 4437">
     <span class='ocr_line' id='line_1_36' title="bbox 730 4138 1217 4225; baseline -0.008 -24"><span class='ocrx_word' id='word_1_175' title='bbox 730 4139 783 4225; x_wconf 81' lang='lat' dir='ltr'><strong>[r&#39;e’s&#39;</strong></span> <span class='ocrx_word' id='word_1_176' title='bbox 793 4141 839 4200; x_wconf 87' lang='lat' dir='ltr'><strong>Id.</strong></span> <span class='ocrx_word' id='word_1_177' title='bbox 853 4140 932 4220; x_wconf 78' lang='lat' dir='ltr'><strong>Aug.</strong></span> <span class='ocrx_word' id='word_1_178' title='bbox 946 4140 1019 4201; x_wconf 81' lang='lat' dir='ltr'><strong>Nae.</strong></span> <span class='ocrx_word' id='word_1_179' title='bbox 1034 4139 1067 4201; x_wconf 92' lang='lat' dir='ltr'><strong>S.</strong></span> <span class='ocrx_word' id='word_1_180' title='bbox 1086 4138 1217 4200; x_wconf 78' lang='lat' dir='ltr'><strong>Ii&#39;beertr&#39;t&#39;.</strong></span> 
     </span>
     <span class='ocr_line' id='line_1_37' title="bbox 526 4257 1018 4321; baseline -0.006 -1"><span class='ocrx_word' id='word_1_181' title='bbox 526 4259 561 4321; x_wconf 89' lang='grc' dir='ltr'><strong>Β,</strong></span> <span class='ocrx_word' id='word_1_182' title='bbox 583 4258 710 4318; x_wconf 91' lang='lat' dir='ltr'><strong>Tiburtii</strong></span> <span class='ocrx_word' id='word_1_183' title='bbox 730 4277 785 4319; x_wconf 90' lang='lat' dir='ltr'><strong>nos</strong></span> <span class='ocrx_word' id='word_1_184' title='bbox 805 4257 880 4318; x_wconf 91' lang='lat' dir='ltr'><strong>Dne.</strong></span> <span class='ocrx_word' id='word_1_185' title='bbox 901 4257 1018 4318; x_wconf 87' lang='lat' dir='ltr'><strong>foveant</strong></span> 
     </span>
     <span class='ocr_line' id='line_1_38' title="bbox 525 4356 1076 4437; baseline 0 -20"><span class='ocrx_word' id='word_1_186' title='bbox 525 4358 637 4418; x_wconf 82' lang='lat' dir='ltr'><strong>Adesto</strong></span> <span class='ocrx_word' id='word_1_187' title='bbox 657 4356 735 4418; x_wconf 92' lang='lat' dir='ltr'><strong>Dne.</strong></span> <span class='ocrx_word' id='word_1_188' title='bbox 756 4356 891 4435; x_wconf 86' lang='lat' dir='ltr'><strong>precibus</strong></span> <span class='ocrx_word' id='word_1_189' title='bbox 912 4357 1021 4437; x_wconf 39' lang='lat' dir='ltr'><strong>populi&gt;</strong></span> <span class='ocrx_word' id='word_1_190' title='bbox 1034 4358 1076 4417; x_wconf 91' lang='lat' dir='ltr'><strong>tui</strong></span> 
     </span>
    </p>
   </div>
   <div class='ocr_carea' id='block_1_18' title="bbox 526 4454 1103 4636">
    <p class='ocr_par' dir='ltr' id='par_1_26' title="bbox 526 4454 1103 4636">
     <span class='ocr_line' id='line_1_39' title="bbox 526 4454 1013 4529; baseline 0 -15"><span class='ocrx_word' id='word_1_191' title='bbox 526 4455 593 4514; x_wconf 86' lang='lat' dir='ltr'><strong>VD.</strong></span> <span class='ocrx_word' id='word_1_192' title='bbox 615 4454 676 4529; x_wconf 90' lang='lat' dir='ltr'><strong>Qui</strong></span> <span class='ocrx_word' id='word_1_193' title='bbox 696 4456 767 4515; x_wconf 90' lang='lat' dir='ltr'><strong>dum</strong></span> <span class='ocrx_word' id='word_1_194' title='bbox 787 4456 865 4516; x_wconf 86' lang='lat' dir='ltr'><strong>beati</strong></span> <span class='ocrx_word' id='word_1_195' title='bbox 886 4454 1013 4515; x_wconf 89' lang='lat' dir='ltr'><strong>Tiburtii</strong></span> 
     </span>
     <span class='ocr_line' id='line_1_40' title="bbox 527 4549 1103 4636; baseline -0.002 -22"><span class='ocrx_word' id='word_1_196' title='bbox 527 4553 710 4633; x_wconf 89' lang='lat' dir='ltr'><strong>Sumpsimus</strong></span> <span class='ocrx_word' id='word_1_197' title='bbox 729 4553 805 4616; x_wconf 86' lang='lat' dir='ltr'><strong>Due.</strong></span> <span class='ocrx_word' id='word_1_198' title='bbox 827 4554 933 4632; x_wconf 84' lang='lat' dir='ltr'><strong>pignus</strong></span> <span class='ocrx_word' id='word_1_199' title='bbox 953 4549 1103 4636; x_wconf 74' lang='lat' dir='ltr'><strong>aeternae]</strong></span> 
     </span>
    </p>
   </div>
   <div class='ocr_carea' id='block_1_19' title="bbox 806 4699 1145 4754">
    <p class='ocr_par' dir='ltr' id='par_1_27' title="bbox 806 4699 1145 4754">
     <span class='ocr_line' id='line_1_41' title="bbox 806 4699 1145 4754; baseline -0.003 0"><span class='ocrx_word' id='word_1_200' title='bbox 806 4699 816 4729; x_wconf 86' lang='lat'>¹</span> <span class='ocrx_word' id='word_1_201' title='bbox 837 4702 980 4754; x_wconf 79' lang='lat' dir='ltr'><strong>Venientem</strong></span> <span class='ocrx_word' id='word_1_202' title='bbox 991 4701 1100 4752; x_wconf 82' lang='lat' dir='ltr'><strong>natalem</strong></span> <span class='ocrx_word' id='word_1_203' title='bbox 1112 4702 1145 4753; x_wconf 90' lang='lat' dir='ltr'><strong>R.</strong></span> 
     </span>
    </p>
   </div>
   <div class='ocr_carea' id='block_1_20' title="bbox 0 0 1680 5828">
    <p class='ocr_par' dir='ltr' id='par_1_28' title="bbox 0 0 1680 5828">
     <span class='ocr_line' id='line_1_42' title="bbox 0 0 1680 5828; baseline 0 2"><span class='ocrx_word' id='word_1_204' title='bbox 0 0 1680 5828; x_wconf 95' lang='lat' dir='ltr'><strong> </strong></span> 
     </span>
    </p>
   </div>
  </div>
 </body>
</html>
