3352 5828
267 730 287 783 1.
299 730 428 799 lxxxviii]
577 729 792 786 ROMANAE
812 729 1056 787 ECCLESIAE.
1301 732 1361 806 135

573 946 634 1012 Ad
644 944 774 1012 calicem
789 944 1042 1012 imdccmdum.

312 1068 463 1148 Oremus,
491 1067 694 1134 dilectissimi
724 1068 850 1147 iratres,
881 1077 918 1133 ut
944 1067 1110 1132 Dominus
1135 1067 1228 1132 Deus
1252 1074 1364 1132 noster
1388 1080 1460 1131 stin.

267 1171 404 1238 calicem
437 1193 533 1238 suum
571 1174 604 1237 in
634 1169 854 1238 ministerio⁴⁰
883 1172 1143 1237 consecrandum
1156 1169 1183 1210 ⁴¹
1214 1170 1363 1236 caelestis
1387 1143 1543 1264 {ffiffssl

267 1277 397 1362 gratiae
412 1276 623 1362 inspiratione
642 1274 836 1352 sanctificet,
854 1283 889 1340 et
897 1271 926 1312 ⁴²
940 1275 986 1340 ad
1007 1273 1189 1340 humanam
1208 1274 1364 1340 benedic·
1388 1276 1454 1392 ffb·
1465 1287 1507 1343 47·

268 1379 394 1446 tionem
432 1380 670 1464 plenitudinem
707 1379 810 1445 divini
848 1378 969 1443 favoris
1006 1378 1246 1444 accommodet
1302 1378 1365 1442 Per
1388 1354 1539 1459 ὦτ’ξζξ

270 1484 464 1549 Dominum.
479 1512 500 1568 γ

195 1607 255 1666 612
719 1606 805 1671 Item
819 1603 897 1670 aleb.

313 1728 469 1812 Dignare,
486 1727 640 1802 Domine,
657 1726 795 1792 calicem
818 1727 928 1803 istum,
944 1725 979 1790 in
1002 1744 1098 1790 usum
1122 1722 1293 1789 ministerii
1316 1723 1365 1788 tui
1390 1715 1492 1785 uue'

268 1830 325 1915 pia
354 1829 468 1896 famuli
499 1827 585 1896 tui⁴⁸
610 1830 790 1897 devotione
819 1828 1009 1909 formatum,
1037 1817 1085 1893 ea'
1107 1826 1366 1894 sanctificatione
1390 1796 1546 1917 {mil

268 1934 473 2019 perfundere,
482 1955 549 2019 qua
560 1933 806 2002 Melchisedech
821 1933 936 2001 famuli
951 1934 1001 1999 tui
1017 1930 1217 1999 sacratum⁴⁴
1229 1931 1366 1999 calicem
1448 1930 1507 1995 ·4⁸·

268 2037 452 2123 perfodisti,
472 2049 507 2105 et
527 2039 621 2122 quod
643 2047 716 2103 arte
728 2036 758 2077 ‘⁶
778 2037 832 2103 vel
855 2036 992 2102 metallo
1015 2035 1100 2100 effici
1123 2055 1191 2101 non
1217 2033 1366 2119 potost⁴⁰
1390 2008 1530 2125 1).ἶέξὲ

269 2141 428 2208 altaribus
451 2143 517 2208 tuis
539 2143 676 2226 dignum
698 2137 794 2207 fiat⁴⁷
813 2150 870 2207 tua
891 2140 1123 2206 benedictione
1144 2135 1365 2222 pretiosum⁴⁸.
1392 2126 1539 2178 mm·

271 2246 342 2310 Per.

357 2273 378 2329 γ
416 2369 500 2432 Item
515 2365 687 2433 benedictio
702 2365 749 2430 ad
760 2364 869 2430 omnia
884 2365 920 2430 in
935 2384 1031 2429 unam
1045 2361 1238 2428 basileam.

317 2488 474 2572 Dignata,
504 2488 662 2567 Domine,
692 2488 785 2552 Deus
818 2486 1039 2570 omnipotens,
1069 2484 1146 2549 Rex
1184 2503 1306 2567 regum,
1335 2492 1369 2549 et
1393 2496 1464 2547 uus

214 2616 218 2623 ·
274 2592 443 2659 Dominus
463 2591 717 2671 dominantium,
741 2577 911 2657 Sacerdos'
934 2589 1093 2666 omnium,
1116 2585 1274 2652 Pontifex
1298 2586 1369 2651 uni·
1393 2558 1547 2678 ffiffflsl

273 2716 454 2776 versorum,
483 2716 541 2781 per
568 2715 669 2780 quem
699 2714 765 2759 una
797 2714 872 2760 cum
903 2694 1003 2759 Patre
1032 2700 1213 2775 sanctoque
1245 2689 1369 2774 Spiritu
1394 2692 1509 2759 Ecba

276 2796 366 2864 facta
394 2807 471 2864 sunt
493 2800 653 2878 universa,
678 2796 811 2863 Christe
833 2797 917 2875 Iesu,
943 2796 1147 2871 benedicere,
1170 2813 1369 2873 consecrare,
1394 2757 1543 2808 hohen.

276 2909 312 2968 et
334 2900 538 2968 sanctificare
563 2900 743 2986 dignerisl⁰
756 2921 837 2966 vasa
860 2900 942 2966 haec
964 2919 1040 2964 cum
1061 2897 1125 2963 hoc
1148 2896 1243 2964 altari
1252 2894 1288 2976 ⁶¹,
1309 2895 1369 2961 lin·

275 3006 486 3085 teaminibus,
508 3006 712 3088 caeterisque
732 3005 836 3069 vasis:
872 3012 906 3068 et
935 3002 1216 3087 quemadmodum
1248 3001 1369 3066 sancti·

275 3107 382 3175 ficasti
397 3109 506 3175 officia
523 3107 725 3174 tabernaculi
739 3106 919 3173 testimonii
934 3106 1015 3170 olim
1035 3125 1111 3169 cum
1126 3125 1210 3183 arca,
1227 3104 1370 3184 oraculo,

274 3211 432 3279 cherubin
476 3212 575 3278 alosis
584 3210 620 3292 θ’,
656 3211 748 3288 velis,
785 3209 955 3287 columnis,
993 3208 1199 3284 candelabro,
1229 3208 1325 3274 altari
1334 3207 1371 3289 ³⁸,

274 3307 440 3403 argenteis
462 3317 597 3383 basibus
607 3313 644 3396 ⁶⁴,
669 3315 793 3382 tabulis
819 3315 993 3391 deauratis,
1015 3313 1225 3392 holocaustis,
1246 3312 1372 3390 hostiis,

274 3440 372 3486 aereo
401 3418 533 3486 altariil
563 3437 639 3484 cum
673 3417 784 3483 aeneis
813 3417 906 3492 vasis,
937 3417 1097 3495 tentoriis,
1127 3413 1268 3494 funibus,
1296 3414 1373 3480 oleo

274 3524 447 3603 unctionis,
462 3530 497 3588 et
519 3523 656 3588 caeteris
676 3521 752 3587 aliis
775 3520 809 3584 in
823 3518 928 3604 figura
944 3520 1060 3598 nostri,
1075 3539 1134 3605 per
1149 3538 1266 3584 manus
1279 3538 1373 3584 sanc-

274 3637 382 3692 torum
395 3625 607 3692 sanctificasti
618 3624 839 3702 sacerdotum,
849 3624 896 3688 ita
907 3642 994 3687 nunc
1011 3642 1148 3687 manens
1159 3622 1192 3686 in
1203 3632 1372 3686 aeternum

275 3724 462 3791 summusli
488 3722 652 3790 Sacerdos
675 3723 886 3789 sacerdotum
908 3722 1090 3786 secundum
1113 3721 1264 3785 ordinem
1288 3718 1373 3784 Mel·

275 3828 458 3906 chisedech,
487 3836 526 3895 ut
553 3828 712 3906 diximus,
741 3835 899 3911 patenam
930 3825 1026 3905 hanc,
1052 3834 1086 3889 et
1115 3825 1253 3890 calicem
1275 3824 1373 3903 hunc,

277 3931 347 4000 etll
371 3934 486 4000 omnia
508 3935 727 3998 instrumenta
749 3932 863 3997 altaris
887 3930 986 3996 huius
1008 3930 1174 4006 ecclesiae,
1195 3931 1265 3996 sive
1287 3929 1371 3995 basi·

277 4038 370 4118 licae,
385 4059 470 4123 quae
492 4038 576 4102 iuter
592 4048 723 4102 nostras
745 4034 875 4120 palmas
896 4033 1071 4114 habentur,
1084 4034 1185 4100 corde
1203 4054 1373 4119 precamur

279 4137 347 4231 [ut]
359 4141 386 4181 ⁵⁸
400 4143 585 4221 benedicas,
600 4138 762 4227 purifices,
776 4158 957 4218 consecres,
972 4148 1008 4204 et
1022 4157 1238 4216 consummes,
1253 4137 1373 4222 quibus

276 4247 363 4312 inter
384 4266 445 4310 nos
466 4245 534 4311 et⁶⁹
559 4255 729 4310 aeternam
752 4244 912 4308 unitatem
935 4243 970 4307 in
992 4260 1146 4325 supremo
1169 4250 1279 4307 meatu
1302 4241 1373 4305 sine

276 4349 344 4416 fine
358 4360 507 4416 constare
524 4349 695 4416 credimus.
740 4348 811 4412 Per.

630 4502 808 4588 Praesan’c
821 4500 1019 4567 chrismalis.

323 4626 512 4705 Oremusu,
534 4625 651 4691 fratres
680 4623 851 4700 carissimi,
877 4629 914 4687 ut
945 4622 1039 4687 Deus
1067 4622 1280 4708 omnipotens
1309 4621 1373 4688 hoc
1398 4639 1469 4690 utre

278 4730 498 4795 ministerium
520 4729 665 4812 corporis
674 4726 700 4766 ⁰¹
719 4726 796 4792 Filii
815 4725 866 4792 sui
882 4726 1019 4790 Domini
1040 4727 1141 4792 nostri
1160 4726 1234 4791 lesu
1251 4724 1373 4790 Christi
1397 4703 1554 4822 ffiiflsl·

277 4833 432 4920 gemlum
464 4832 700 4911 benedictione,
730 4828 1000 4896 sanctificationis
1031 4831 1202 4909 tutamine,
1232 4828 1373 4894 defensi·
1399 4834 1514 4900 Ecum.

278 4937 354 5002 onis
377 4937 557 5002 donatione
565 4933 594 4975 θ’
617 4935 754 5020 implere
780 4934 936 5019 dignetur
961 4934 1132 5000 orantibus
1161 4934 1266 4999 nobis.
1311 4934 1373 4999 Per
1399 4900 1546 4951 leonem.

281 5039 476 5107 Dominum.
