3352 5828
282 749 362 818 ixl]
593 752 807 810 ROMANAE
827 751 1072 811 ECCLESIAE.

323 916 451 981 Iterum
464 915 546 982 deis
555 915 584 956 ’ὅ
599 916 767 983 Dominus
780 915 962 983 vobiscum.

324 1020 420 1104 Κεφ.
443 1019 579 1086 Etcum
596 1021 713 1105 spiritu
730 1029 800 1086 tuo.

325 1123 464 1191 Sursum
479 1126 589 1190 corda.

323 1227 420 1312 Rem.
442 1228 614 1294 Habemus
630 1230 672 1295 ad
690 1229 872 1294 Dominum
882 1228 921 1297 ²⁶.

325 1329 458 1396 Gratias
472 1351 610 1415 agamus
627 1332 775 1398 Domino
791 1333 866 1400 Deo
881 1344 1006 1399 nostro.

323 1433 419 1518 Κεφ.
443 1436 591 1520 Dignum
607 1446 641 1501 et
656 1437 780 1501 iustum
795 1446 856 1503 est.

323 1537 399 1605 vD.
423 1539 470 1604 Et
491 1539 614 1604 iustum
630 1549 691 1619 est,
706 1559 851 1624 aequum
871 1547 905 1605 et
920 1540 1074 1618 salutare,
1089 1559 1150 1605 nos
1167 1538 1228 1604 trbi
1246 1559 1377 1626 semper

280 1641 332 1707 hic
357 1652 391 1708 et
416 1644 538 1728 ubique
561 1645 687 1729 gratias
710 1664 818 1728 agere,
841 1644 988 1710 Domine
1009 1653 1133 1718 sancte,
1151 1644 1250 1710 Pater
1269 1644 1376 1710 omni·

280 1755 408 1830 potens,
423 1757 555 1813 aeterne
571 1748 673 1813 Deus.
719 1748 786 1833 Qui
804 1748 839 1813 in
859 1748 1021 1833 principio
1036 1749 1121 1814 inter
1138 1757 1268 1812 caetera
1280 1748 1376 1813 boni·

280 1850 358 1916 tatis
372 1858 406 1916 et
420 1848 589 1936 pietatis²⁷
609 1862 688 1917 tuae
708 1871 845 1918 munera
864 1861 989 1918 terram
1011 1853 1193 1938 producere
1214 1851 1377 1916 fructifera

279 1952 371 2038 ligna
385 1954 517 2022 iussisti.
563 1956 656 2020 Inter
672 1975 758 2040 quae
775 1955 874 2021 huius
891 1956 1099 2040 pinguissimi
1113 1955 1249 2039 liquoris
1265 1955 1377 2021 minis·

279 2065 350 2122 trae
378 2057 472 2123 oleae
502 2069 721 2135 nascerentur,
751 2079 893 2143 quarum
925 2059 1050 2125 fructus
1079 2079 1173 2124 sacro
1207 2057 1376 2124 chrismati

280 2161 465 2227 deserviret.
521 2163 612 2227 Nam
642 2162 752 2228 David
782 2162 977 2248 prophetico
1000 2163 1117 2247 spiritu
1146 2163 1270 2247 gratiae
1299 2171 1376 2228 tuae

278 2274 485 2332 sacramenta
499 2286 729 2350 praenoscens,
743 2267 854 2332 vultus
868 2275 996 2333 nostros
1008 2267 1041 2332 in
1052 2265 1127 2332 oleo
1142 2266 1375 2331 exhilarandos

281 2389 353 2434 esse
372 2371 527 2435 cantavit
573 2370 620 2435 Et
641 2390 744 2453 quum
768 2370 883 2435 mundi
906 2370 1042 2436 crimina
1063 2368 1186 2434 diluvio
1208 2370 1375 2454 quondam

281 2473 494 2558 expiarentur
513 2471 654 2539 eiiuso²⁸
675 2472 923 2540 similitudinem
942 2472 1042 2540 futuri
1061 2472 1202 2539 muneris
1223 2472 1378 2539 columba

282 2577 516 2643 demonstrans
534 2598 594 2662 per
608 2578 715 2642 olivae
729 2598 857 2643 ramum
870 2598 990 2663 pacem
1005 2578 1100 2642 terris
1116 2577 1278 2642 redditam
1294 2597 1376 2642 nun·

282 2680 387 2746 tiavit.
446 2679 547 2765 Quod
578 2682 612 2746 in
646 2682 832 2747 novissimis
870 2681 1074 2766 temporibus
1112 2679 1294 2746 manifestis
1325 2690 1376 2746 est

283 2783 454 2850 effectibus
483 2784 696 2864 declaratum,
722 2806 834 2870 quum,
864 2786 1074 2870 baptismatis
1105 2786 1198 2870 aquis
1227 2785 1375 2851 omnium

282 2887 455 2953 criminum
489 2889 667 2954 commissa
695 2889 890 2969 delentibus,
918 2889 1000 2956 haec
1032 2889 1097 2955 olei
1127 2889 1239 2955 unctio
1265 2888 1377 2955 vuitus

151 3076 157 3085 ⁹
283 3002 415 3058 nostros
433 2993 591 3057 iocundos
612 2991 769 3058 efficiat²⁹
785 3013 824 3058 ac
847 3013 988 3057 serenos.
1034 2992 1118 3057 Inde
1140 2993 1240 3056 etiam
1264 2992 1377 3076 Moysi

283 3091 408 3159 famulo
429 3103 488 3159 tuo
509 3095 669 3160 mandata
690 3095 821 3173 dedisti,
835 3107 873 3160 ut
890 3096 1008 3161 Aaron
1025 3095 1159 3161 fratrem
1174 3115 1270 3161 suum
1286 3096 1376 3180 prius

282 3217 369 3282 aqua
383 3198 489 3263 lotum
503 3218 563 3282 per
582 3197 817 3263 infusionem-⁸⁰
836 3199 933 3264 huius
952 3200 1111 3282 unguenti
1126 3199 1340 3264 constitueret
1349 3196 1375 3237 ⁸¹

283 3303 496 3367 sacerdotem.
533 3302 688 3368 Accessit
702 3302 745 3366 ad
761 3301 824 3367 hoc
834 3299 861 3341 ⁸²
875 3301 1016 3388 amplior
1027 3303 1144 3380 honor,
1156 3322 1258 3386 quum
1274 3301 1375 3368 Filius

283 3412 367 3480 tuus,
383 3405 549 3469 Dominus
563 3414 676 3470 noster
697 3405 789 3470 lesus
807 3403 968 3484 Christus,
982 3405 1085 3470 lavari
1100 3427 1121 3470 a
1136 3406 1262 3471 Ioanne
1277 3405 1375 3469 undis

284 3506 465 3572 Iordauicis
480 3507 657 3591 exegisset,
673 3517 707 3572 ct
718 3507 746 3547 ⁸⁸
769 3507 894 3592 Spiritu
915 3519 1031 3573 sancto
1045 3510 1079 3572 in
1094 3507 1268 3573 columbae
1282 3508 1372 3572 simi·

211 3625 269 3680 557
283 3610 421 3675 litudine
450 3612 591 3694 desuper
614 3613 727 3690 misso,
758 3611 977 3696 Unigenitum
1005 3619 1108 3690 tuum,
1132 3643 1145 3668 ·
1168 3613 1201 3678 in
1224 3631 1292 3695 quo
1313 3613 1374 3675 tibi

282 3716 407 3799 optime
429 3714 667 3798 complacuisse
687 3715 879 3780 testimonio
901 3715 1133 3800 subsequentis
1153 3717 1243 3781 vocis
1265 3726 1373 3780 osteu-

281 3820 376 3886 deres
387 3817 421 3898 ⁸⁴,
443 3820 507 3885 hoc
529 3818 609 3884 illud
633 3839 704 3884 esse
730 3817 997 3886 manifestissime
1020 3821 1261 3904 comprobares,
1283 3819 1373 3902 quod

282 3942 356 3988 eum
376 3924 449 3989 oleo
469 3923 614 3988 laetitiae
632 3923 941 4007 praeconsortibus
963 3924 1030 3987 suis
1051 3923 1242 4007 ungendum
1262 3923 1372 3988 David

282 4028 444 4113 propheta
458 4029 639 4093 cecinisset.
683 4027 734 4092 Te
749 4027 848 4111 igitur
858 4028 1083 4111 deprecamur,
1093 4028 1237 4092 Domine
1252 4036 1374 4104 sancte,

283 4133 382 4197 Pater
417 4132 634 4217 omnipotens,
664 4140 799 4196 aeterne
832 4131 935 4210 Deus,
966 4151 1026 4214 per
1063 4131 1172 4196 Iesum
1205 4128 1373 4195 Christum

282 4235 404 4300 Filium
426 4245 520 4312 tuum
547 4235 730 4301 Dominum
753 4245 913 4312 nostrum,
936 4245 974 4299 ut
994 4234 1091 4299 huius
1112 4242 1279 4300 creaturae
1300 4233 1374 4319 pin-

280 4339 457 4423 guedinem
473 4339 679 4404 sanctificare
692 4349 751 4404 tua
765 4338 1000 4405 benedictione
1015 4339 1157 4423 digneris
1171 4347 1205 4402 et
1220 4337 1254 4401 in
1269 4338 1374 4403 sancti

283 4442 426 4528 Spiritus
445 4445 626 4508 immiscere
636 4442 664 4482 ⁸⁶
678 4444 836 4508 virtutem
857 4463 918 4525 per
936 4444 1122 4525 potentiam
1134 4441 1160 4481 ³⁸
1176 4441 1297 4508 Christi
1316 4441 1374 4517 tui,

282 4568 302 4611 a
331 4547 424 4611 cuius
452 4557 565 4613 sancto
596 4547 731 4612 nomine
759 4545 939 4611 chrisma⁸⁷
972 4566 1094 4611 nomen
1122 4544 1256 4630 accepit,
1285 4545 1376 4609 unde

281 4650 410 4715 unxisti
428 4652 620 4729 sacerdotes,
634 4671 737 4734 reges,
753 4649 945 4734 prophetas,
959 4659 994 4714 et
1016 4659 1177 4731 martyres
1192 4657 1268 4714 tuos
1279 4648 1316 4727 ³⁸,
1336 4657 1374 4712 ut

281 4755 325 4819 sit
340 4753 391 4817 his
406 4755 462 4837 qui
473 4755 576 4819 renati
591 4753 711 4819 luerint
720 4773 765 4817 ex
779 4773 866 4837 aqua
875 4763 909 4818 et
925 4751 1050 4836 Spiritu
1066 4760 1180 4817 sancto
1194 4749 1372 4815 cbrisma⁸¹

281 4856 406 4934 salutis,
421 4878 542 4942 eosque
551 4867 703 4922 aeternae
716 4858 805 4922 vitae
819 4857 995 4941 participes
1007 4865 1041 4920 et
1056 4854 1203 4921 caelestis
1211 4853 1336 4938 gloriae
1346 4852 1372 4893 ⁸⁰

280 4959 382 5027 iacias
413 4981 486 5027 esse
516 4971 691 5026 consortes.
746 4961 808 5026 Per
836 4960 980 5026 eundem
1010 4958 1192 5025 Dominum
1223 4968 1371 5024 nostrum

281 5064 392 5129 Iesum
409 5063 577 5130 Christum
593 5064 712 5130 Filium
727 5073 833 5130 tuum.
849 5091 870 5148 γ
