3352 5828
271 789 295 843 l.
307 789 408 851 lxxxvi,
418 785 538 854 lxxxvii]
581 784 794 843 ROMANAE
813 785 1060 843 ECCLESIAE.
1304 795 1362 863 ¹3¹

714 999 922 1067 IrmVI¹.

361 1140 457 1207 lnam
480 1153 550 1206 nno
572 1135 663 1206 sos²
685 1152 754 1218 our
782 1152 834 1204 nn
855 1153 1026 1207 nrvnesrs
1048 1152 1282 1208 nannnsmns

725 1256 913 1311 moruus.
983 1273 985 1279 ·

317 1380 441 1448 Sancte
463 1381 569 1460 Pater,
592 1381 800 1466 omnipotens
823 1380 927 1461 Deus,
944 1382 1001 1465 qui
1024 1381 1184 1448 famulum
1206 1391 1301 1448 tuum
1323 1382 1367 1447 ab

272 1505 384 1552 errore
411 1484 664 1552 haereseorum⁸
681 1485 838 1571 dignatus
868 1505 904 1551 es
933 1505 1056 1562 eruere,
1081 1494 1115 1551 et
1144 1485 1189 1551 ad
1218 1493 1368 1551 sanctam

272 1590 447 1657 ecclesiam
476 1589 672 1657 catholicam
702 1584 865 1669 revocare,
895 1610 1098 1674 quaesumus
1129 1599 1173 1668 te,
1213 1589 1367 1668 Domine,

272 1695 416 1761 immitte
438 1695 471 1760 in
490 1715 566 1760 eum
586 1692 781 1760 Paraditum
797 1693 960 1779 Spiritum
977 1703 1072 1760 tuum
1092 1703 1244 1761 sanctum
1266 1693 1368 1781 septi·

272 1800 421 1879 formem,
451 1797 611 1886 Spiritum
647 1798 829 1884 sapientiae
865 1809 900 1864 et
937 1798 1133 1876 intellectus,
1172 1798 1318 1865 consilii*
1334 1806 1369 1863 et

272 1902 482 1981 fortitudinis,
503 1903 658 1969 scientiae
680 1912 715 1969 et
736 1903 890 1989 pietatis:
915 1903 1063 1988 adimple
1086 1902 1247 1969 famulum
1270 1911 1364 1969 tuum

272 2005 447 2090 spiritum⁴
478 2007 607 2073 timoris
636 2007 711 2073 Dei.
771 2008 833 2074 Per
862 2008 1045 2073 Dominum
1076 2016 1225 2074 nostrum
1257 2006 1367 2073 Iesum

274 2110 452 2178 Christum.

306 2237 394 2289 ¹·'ruu
410 2238 474 2289 rom
491 2254 549 2304 my
563 2239 596 2289 ue
612 2199 745 2304 numer
760 2238 822 2289 vro
837 2237 893 2290 nn
909 2237 1079 2304 musanen
1093 2238 1236 2305 preerunt,
1250 2237 1333 2289 vnn
1350 2238 1371 2289 rt

272 2303 366 2370 closely
376 2302 517 2355 resemble.
630 2302 701 2366 'ros
712 2318 742 2354 ro
752 2303 784 2353 V.
796 2303 1024 2370 (ungrammaticall
1041 2306 1061 2367 ).
1167 2303 1178 2334 ⁸
1194 2304 1370 2366 hammer,

272 2368 356 2486 ξιξ.
451 2320 1371 2437 ‘spirirum,roV.heremdtnmepmlietformrrreenore¹on

719 2648 929 2706 nmvn.

203 2783 264 2842 608
376 2779 677 2844 Reconcrnrsmo
698 2792 941 2844 nnssrrrzsrr
961 2792 1010 2844 an
1033 2779 1272 2844 Hannnncrs.

322 2915 545 3001 Omnipotens
575 2916 672 2981 Pater
700 2913 998 2981 misericordiarum
1029 2923 1063 2982 et
1093 2915 1186 2982 Deus
1222 2915 1371 2982 consola·

277 3021 389 3094 tionis,
405 3019 462 3105 qui
477 3040 537 3102 per
552 3019 769 3104 Unigenitum
784 3030 879 3086 tuurn
896 3017 1081 3084 Dominum
1098 3027 1244 3085 nostnrm
1261 3018 1372 3085 Iesum

279 3122 448 3190 Christum
463 3123 511 3188 ita
526 3122 781 3206 regenerationis
791 3120 958 3188 humanae
968 3123 1166 3188 consecrasti
1179 3122 1372 3208 mysterium

278 3236 317 3293 ut
335 3247 395 3292 nec
417 3227 452 3291 in
473 3227 521 3293 eis
536 3227 592 3311 qui
611 3226 725 3292 fraude
745 3226 928 3292 diabolicae
947 3225 1163 3310 malignitatis
1182 3225 1373 3311 abaptismi

279 3333 405 3399 unitate
426 3332 600 3398 discedunt
623 3332 713 3398 nulla
734 3332 841 3418 possit
862 3332 1036 3398 iteratione
1056 3332 1246 3399 recensendi
1257 3329 1281 3412 ¹,
1295 3334 1374 3418 quia

277 3455 354 3501 cum
376 3432 607 3519 geminatura¹
620 3455 732 3501 sacrae
753 3433 837 3519 legis
860 3455 928 3500 non
944 3437 1049 3502 virtus
1065 3435 1190 3500 inditae
1205 3456 1374 3502 consecra·

277 3538 376 3603 tionis
400 3536 596 3612 excluditur,
613 3539 672 3604 sed
692 3537 809 3603 iniuria
825 3536 904 3602 fidei
927 3539 1142 3604 sacramentis
1163 3537 1373 3604 manentibus

278 3639 447 3724 irrogatur,
469 3640 545 3706 ideo
566 3661 668 3725 quum
691 3640 734 3705 ad
756 3661 868 3707 veram
891 3650 1032 3707 matrem
1055 3640 1229 3707 ecclesiam
1257 3641 1373 3707 catho-

279 3743 376 3810 licam
413 3745 463 3810 tui
502 3744 646 3809 muneris
688 3744 889 3828 aspiratione
927 3744 1157 3828 resipiscentes
1201 3752 1375 3829 apostatae

279 3849 429 3925 redeunt,
459 3869 525 3914 non
548 3849 639 3934 quod
668 3848 849 3914 amisenrnt
878 3848 1085 3932 baptismum
1116 3849 1284 3933 recipiunt
1314 3850 1374 3916 sed

280 3953 370 4036 quod
406 3952 439 4017 in
476 3973 512 4017 se
552 3952 756 4036 permanenti
789 3950 938 4018 lecerunt
975 3952 1222 4030 coutumeliam,
1250 3953 1375 4018 veracis

281 4055 503 4139 poenitentiae
523 4055 746 4121 satisfactione
769 4063 972 4144 reparantur.
1019 4054 1108 4121 Hinc
1131 4065 1224 4122 tuam
1247 4056 1374 4121 miseri·

281 4160 437 4240 cordiam,
448 4159 545 4226 Pater
553 4170 675 4235 sancte,
685 4159 851 4245 supplices
866 4180 1055 4239 exoramus,
1067 4169 1105 4226 ut
1116 4160 1203 4225 hunc
1214 4159 1373 4226 famulum

281 4274 378 4329 tuum
406 4267 449 4330 ad
480 4273 594 4330 sancta
623 4274 689 4343 tua,
714 4284 801 4349 quae
827 4263 1012 4348 reliquerat,
1036 4264 1121 4330 atria
1147 4274 1376 4343 revertentem,

281 4367 444 4433 immensa
471 4367 672 4452 benignitate
701 4368 869 4453 suscipias,
898 4377 933 4433 et
962 4367 1110 4453 piissima
1141 4368 1376 4453 propitiatione

280 4470 450 4550 salvifices,
476 4473 592 4556 utqui
621 4472 732 4537 ruinae
761 4491 840 4536 suae
866 4470 1007 4554 lapsum,
1040 4471 1375 4538 anathematizando⁸

281 4595 370 4640 nunc
396 4575 527 4655 Arium,
549 4574 617 4659 iugi
645 4574 885 4641 lamentatione
913 4574 1067 4659 castigat,
1090 4573 1235 4658 dignae⁴
1261 4576 1375 4660 poeni·

281 4678 409 4745 tentiae
420 4680 553 4756 fructus,
563 4689 597 4744 te
611 4679 797 4755 miserante,
812 4678 972 4764 perficiat.
1003 4678 1079 4744 Tuo
1089 4680 1212 4764 quippe
1225 4688 1373 4764 respectu

281 4783 516 4848 satisfactionis
537 4783 677 4866 sumpsit
697 4782 836 4862 initium,
855 4783 941 4848 tuoi
961 4802 1097 4847 munere
1118 4783 1160 4848 de
1183 4782 1377 4866 perditionis

282 4907 319 4952 se
341 4887 407 4951 iam
430 4886 553 4951 sentiat
565 4884 859 4971 longinquitatem⁸
874 4905 1080 4972 regressum3
1102 4884 1234 4969 longius
1247 4887 1335 4950 enim
1356 4905 1377 4949 a

282 4988 338 5058 te²
359 5001 431 5056 tam
453 4989 593 5057 collatae
615 4990 690 5056 fidei
719 4990 906 5076 negatione,
926 5011 1028 5074 quarn
1053 5010 1192 5076 operum
1214 4989 1377 5073 pravitate

283 5095 471 5162 disceditur.
515 5094 618 5161 Unde
639 5114 848 5179 quaesumus,
867 5103 907 5160 ut
928 5094 1108 5160 secundum
1131 5093 1376 5161 multitudinem

798 5212 825 5263 Κ
843 5217 861 5264 2
