3352 5828
336 375 400 455 264
615 381 742 439 arnan
762 377 1151 440 sacramenrorum
1328 376 1434 445 [unu

335 546 497 633 propitius
531 545 685 613 clementi
714 546 807 611 vultu
844 544 1012 629 suscipias,
1046 543 1173 628 tibique
1208 540 1435 628 supplicantes

336 652 442 717 libens
465 660 611 738 protege,
633 651 807 735 dignanter
829 647 987 727 exaudil,
1010 658 1044 714 et
1065 656 1200 714 aeterna
1222 668 1280 712 eos
1301 653 1434 731 protec-

338 757 427 822 tione
457 754 637 821 conserva⁸
649 776 657 837 ;
695 766 731 821 ut
760 775 890 840 semper
922 754 956 819 in
985 762 1043 818 tua
1072 751 1230 838 religione
1260 749 1435 830 laetantes,

338 861 500 928 instanter
525 860 559 926 in
583 869 716 927 sanctae
737 859 911 925 Trinitatis
933 859 998 924 fide
1021 856 1184 923 catholica
1206 862 1436 941 perseverent:

339 965 437 1030 nobis
458 963 542 1029 haec
563 984 695 1048 quoque
716 963 912 1028 unanimiter
935 974 970 1029 et
992 963 1128 1029 crebro⁹
1152 961 1341 1046 petentibus
1363 958 1438 1042 ipse

339 1067 522 1152 praestabis
538 1065 748 1152 omnipotens
763 1066 865 1132 Deus.
910 1066 973 1130 Per
988 1065 1165 1131 Christum.
1180 1091 1202 1146 γ

766 1246 1017 1306 Postcommun.

388 1362 484 1447 Quos
506 1358 637 1427 caelesti
660 1380 785 1428 recreas
807 1380 951 1439 munere,
972 1368 1139 1446 perpetuo,
1164 1359 1318 1436 Domine,
1335 1356 1442 1425 comi·

344 1477 417 1533 tare
442 1466 608 1551 praesidio
620 1485 629 1546 ;
661 1475 695 1533 et
724 1485 807 1550 quos
831 1465 942 1532 fovere
970 1486 1038 1532 non
1062 1464 1196 1544 desinis,
1224 1463 1343 1550 dignos
1367 1461 1442 1528 fieri

342 1572 546 1655 sempiterna
560 1569 786 1655 redemptione
800 1571 951 1637 concede.
995 1570 1064 1636 Per.
1080 1596 1101 1653 γ

377 1723 480 1776 ¹Gc1b.
499 1722 588 1774 inserts
605 1736 659 1774 nos.
690 1722 761 1773 Pam.
781 1721 849 1774 Men.
869 1723 933 1773 bave
955 1722 1049 1788 special
1068 1722 1179 1773 mention
1197 1721 1226 1772 oi
1246 1720 1289 1771 the
1307 1719 1394 1771 Abbst
1413 1735 1444 1771 or

345 1790 441 1868 Bisbop
458 1789 509 1839 end
526 1789 556 1839 oi
570 1787 643 1839 those
662 1787 808 1838 committed
827 1795 856 1839 tn
873 1787 913 1838 hls
931 1788 1031 1853 charge.
1128 1786 1205 1837 'com
1221 1785 1345 1836 luceam
1365 1784 1443 1837 Gerb

344 1858 354 1886 ¹
370 1855 440 1906 nobo
450 1855 525 1906 Gerb.
606 1852 616 1883 ⁴
632 1858 678 1902 rua
689 1852 858 1903 misericordia
869 1869 899 1904 so
910 1853 942 1904 V.
955 1853 1198 1918 (nngmmmsticslly
1211 1887 1219 1903 .
1299 1851 1310 1882 ⁸
1326 1849 1444 1901 hononm

345 1922 416 1972 Pam.
429 1920 495 1970 Men.
507 1936 514 1980 ς
531 1918 562 1969 V.
575 1930 599 1969 n.
611 1918 685 1969 Gerb
697 1935 725 1968 as
736 1925 794 1969 text.
929 1918 1000 2011 ’,μιν
1009 1919 1046 1969 er's
1055 1918 1204 1969 celebramus
1215 1917 1285 1967 Pam.
1297 1917 1381 1972 Men:
1392 1922 1445 1980 pro

345 1986 414 2036 nobis
424 1985 572 2035 celebramus
583 1984 675 2043 Gerb.;
693 1984 723 2036 V.
735 1995 759 2034 Β.
770 1999 799 2033 ss
809 1990 869 2034 text.
964 1990 1063 2061 protege
1073 1990 1098 2033 et
1106 1984 1238 2033 clementer
1246 1980 1342 2032 audi
1351 1980 1444 2041 Gerb.;

344 2052 414 2168 §.a
428 2066 455 2101 ns
466 2057 525 2102 text.
559 2113 570 2145 ν
624 2048 716 2166 ὢν
709 2049 769 2101 ends
780 2048 823 2100 the
838 2049 915 2101 Hanc
929 2049 1014 2115 ἐρέειν
1025 2057 1053 2100 nt
1067 2048 1117 2101 this
1128 2048 1207 2116 point,
1219 2046 1369 2114 procscdiug
1380 2045 1444 2098 with

374 2132 462 2184 usque.
586 2130 625 2166 cre
718 2152 725 2166 .

865 2449 924 2506 Μ.

571 2581 667 2645 111111
690 2592 904 2646 ominosas
927 2592 1197 2648 uonncnouuu
1207 2578 1228 2646 ¹.

394 2721 448 2785 Tu
470 2718 600 2783 famulis
622 2718 697 2795 tuis,
713 2737 923 2801 quaesumus,
939 2717 1096 2795 Domine,
1117 2718 1223 2783 bonos
1246 2736 1354 2782 mores
1375 2714 1449 2799 pla·

351 2834 446 2890 catus
471 2823 614 2898 institue,
640 2830 677 2886 tu
700 2821 733 2885 in
756 2822 803 2886 eis
828 2824 918 2906 quod
940 2822 1002 2900 tibi
1025 2821 1183 2906 placitum
1205 2821 1249 2886 sit
1274 2819 1449 2904 dignanter

353 2925 497 3005 infunde,
511 2936 548 2990 ut
563 2936 597 2990 et
611 2925 703 3007 digni
718 2924 793 3004 sint,
808 2935 842 2990 et
859 2934 918 2989 tua
932 2925 1064 2989 valeant
1080 2923 1241 2990 beneficia
1259 2922 1449 3008 promereri.

354 3031 424 3093 Per.

399 3149 549 3233 Respice,
577 3167 782 3231 quaesumus,
811 3148 967 3224 Domine,
993 3147 1134 3212 famulos
1160 3157 1245 3225 tuos,
1273 3157 1307 3212 et
1333 3146 1366 3210 in
1392 3155 1451 3211 tua

355 3251 579 3317 misericordia
599 3249 802 3316 confidentes
825 3250 956 3316 caelesti
976 3262 1114 3335 protege
1136 3250 1297 3335 benignus
1316 3250 1451 3316 auxilio.

355 3356 428 3420 Per.

399 3476 454 3540 Da
483 3471 635 3541 famulis²
660 3475 735 3555 tuis,
761 3495 970 3558 quaesumus,
997 3475 1150 3552 Domine,
1180 3477 1213 3539 in
1238 3484 1298 3539 tua
1324 3472 1389 3538 fide
1418 3484 1452 3539 et

354 3579 541 3645 sinceritate
557 3579 784 3657 constantiam,
800 3587 838 3644 ut
855 3579 888 3642 in
910 3579 1048 3645 caritate
1069 3579 1179 3644 divina
1195 3578 1341 3643 firmati⁸
1355 3577 1453 3643 nullis

355 3683 595 3749 tentationibus
609 3684 652 3746 ab
668 3682 739 3748 eius
753 3682 943 3767 integritate
958 3682 1129 3747 vellantur.
1175 3682 1244 3748 Per.
1259 3708 1280 3766 γ

400 3802 574 3869 -Famulos
599 3812 684 3878 tuos,
705 3822 913 3887 quaesumus,
933 3802 1086 3881 Domine,
1108 3811 1166 3867 tua
1192 3822 1322 3886 semper
1347 3803 1524 3887 gratiam

355 3907 540 3986 benedicat,
552 3917 586 3972 et
601 3906 814 3990 inculpabiles
830 3908 873 3972 ad
885 3907 988 3972 vitam
1001 3907 1158 3990 perducat
1173 3917 1350 3971 aeternam.
1383 3907 1454 3972 Per.

401 4029 559 4095 Famulus
579 4039 666 4105 tuos,
681 4048 892 4113 quaesumus,
909 4027 1064 4105 Domine,
1080 4028 1239 4112 benignus
1261 4029 1404 4106 intende,
1419 4037 1454 4094 et

357 4152 405 4217 eis
419 4151 595 4234 dignanter
610 4151 743 4237 pietatis
758 4160 835 4217 tuae
850 4151 1007 4235 impende
1023 4150 1218 4217 custodiam.
1264 4150 1335 4214 Per.

401 4272 549 4338 Famulis
564 4273 638 4348 tuis,
653 4291 863 4355 quaesumus,
879 4271 1035 4351 Domine,
1049 4280 1178 4355 sperata
1193 4271 1348 4348 concede,
1363 4278 1397 4334 et
1412 4271 1457 4335 ab

357 4377 512 4443 omnibus
526 4396 584 4441 eos
602 4375 706 4459 culpis
721 4395 854 4441 excusa.
900 4376 971 4440 Per.

403 4498 542 4575 Adesto,
555 4496 709 4575 Domine,
723 4494 1019 4580 supplicationibus
1034 4495 1161 4572 nostris,
1177 4503 1212 4559 et
1223 4493 1366 4559 famulos
1381 4505 1458 4560 tuos

360 4602 491 4667 assidua
505 4602 711 4685 protectione
728 4621 884 4667 conserva
897 4623 905 4677 ;
923 4601 1029 4683 utqui
1045 4600 1104 4664 tibi
1117 4600 1236 4685 iugiter
1245 4600 1457 4676 famulantur,

361 4709 516 4772 continua
532 4707 794 4771 remuneratione
810 4707 955 4771 ditentur
964 4701 989 4767 ⁴.
1035 4704 1105 4768 Per.
