3352 5828
323 372 386 440 286
606 382 734 439 LIBER
755 381 1144 441 SACRAMENYORUM
1261 382 1322 450 [ΙΙΙ.
1336 383 1419 434 lxxvi

320 548 434 614 sancti.
481 549 598 616 Omnis
623 548 727 614 virtus
756 549 945 629 adversarii,
975 551 1083 616 omnis
1113 549 1253 615 incursio
1282 545 1419 625 diaboli,

321 673 420 719 omne
441 652 648 738 phantasma,
671 647 822 742 [omnem
843 654 968 720 inimici
991 649 1227 743 potestateml]
1249 655 1420 720 eradicare

321 768 357 823 et
385 757 532 841 effugare
559 757 694 836 abbae
720 768 871 824 creatura
898 778 1016 843 aquae.
1062 759 1162 826 Unde
1191 759 1345 824 exorcizo
1360 766 1420 835 te,

321 871 470 928 creatura
492 882 608 946 aquae,
622 883 682 948 per
697 862 809 929 Deum
830 883 944 928 verum
968 872 1003 929 et
1024 884 1083 948 per
1098 864 1207 930 Deum
1222 864 1342 936 vivum,
1358 881 1421 946 per

321 965 432 1031 Deum
448 975 609 1042 sanctum,
624 975 658 1031 et
673 986 732 1049 per
747 965 930 1031 Dominum
946 977 1095 1031 nostrum
1111 967 1222 1032 Iesum
1237 965 1419 1043 Christum,

321 1077 359 1133 ut
383 1067 534 1134 efficiaris
562 1089 649 1153 aqua
677 1079 800 1149 sancta,
824 1090 912 1154 aqua
940 1070 1124 1149 benedicta,
1147 1079 1186 1136 ut
1217 1069 1418 1153 ubicumque

321 1172 426 1238 effusa
440 1171 551 1250 lucris,
564 1171 618 1237 vel
633 1193 775 1257 aspersa,
790 1174 860 1238 sive
880 1173 914 1239 in
929 1172 1040 1253 domo,
1055 1174 1124 1238 sive
1139 1174 1172 1238 in
1187 1194 1276 1257 agro,
1290 1173 1417 1258 effuges

319 1297 453 1342 omnem
475 1276 693 1361 phantasiam,
713 1297 849 1342 omnem
875 1277 996 1342 inimici
1021 1287 1241 1362 potestatem:
1271 1275 1417 1362 Spiritus

320 1391 452 1447 sanctus
480 1380 609 1446 habitet
639 1381 672 1445 in
701 1380 805 1471 domo
836 1381 908 1449 hac.
955 1381 1016 1447 Per
1046 1381 1229 1448 Dominum
1268 1390 1417 1447 nostrum

322 1485 433 1551 Iesum
449 1484 626 1560 Christum,
635 1484 690 1569 qui
705 1494 862 1551 venturus
877 1494 928 1550 est
943 1485 1088 1550 iudicare
1102 1485 1194 1551 vivos
1209 1493 1244 1551 et
1258 1493 1418 1563 mortuos,

320 1599 353 1655 et
368 1588 534 1656 saeculum
550 1610 609 1673 per
623 1590 744 1675 ignem.

578 1771 664 1835 Item
677 1770 727 1834 ad
737 1780 946 1853 consparsum
952 1769 1158 1853 faciendum.

365 1891 499 1956 Exaudi
523 1912 591 1969 nos,
612 1889 758 1956 Domine
779 1900 902 1967 sancte,
927 1891 1027 1956 Pater
1048 1891 1267 1975 omnipotens,
1284 1899 1418 1956 aeterne

321 1994 420 2075 Deus,
435 2004 469 2061 et
493 1995 624 2061 mittere
645 1995 781 2079 dignare
804 1993 959 2078 angelum
974 2003 1069 2059 tuum
1084 2005 1236 2061 sanctum
1251 1996 1294 2061 de
1308 1993 1418 2068 caelis,

318 2101 377 2184 qui
398 2100 573 2178 custodiat,
596 2099 714 2177 foveat,
737 2107 902 2185 protegat,
922 2100 1044 2178 visitet,
1067 2109 1102 2165 et
1123 2099 1279 2165 defendat
1300 2120 1418 2165 omnes

319 2203 506 2268 habitantes
535 2203 568 2267 in
598 2205 684 2270 hanc
719 2202 945 2269 habitaculum
983 2203 1096 2268 famuli
1127 2204 1176 2269 tui
1203 2201 1345 2270 Illius⁸z
1382 2213 1419 2270 et

320 2315 459 2393 praesta,
475 2327 684 2393 quaesumus,
696 2318 733 2372 ut
747 2305 965 2373 sanctificatio
981 2307 1025 2372 sit
1039 2307 1154 2372 domui
1170 2307 1268 2373 huius
1283 2306 1417 2374 noster⁴

319 2413 482 2478 introitus.
543 2410 657 2478 Donet
689 2411 816 2477 cunctis
845 2410 933 2476 intra
965 2431 1041 2476 eum
1071 2410 1187 2477 habitu
1216 2411 1418 2478 constitutos

319 2516 503 2582 divinarum
537 2515 741 2582 beatitudine
782 2516 980 2600 largitatem,
1016 2515 1161 2580 dominis
1196 2535 1236 2581 ac
1273 2513 1419 2581 familiae

319 2619 588 2704 gubernaculum,
611 2622 653 2685 ad
683 2619 934 2684 custodiendam
962 2619 1187 2684 obedientiam
1216 2627 1251 2684 et
1280 2620 1418 2703 irrepre-

319 2723 513 2788 hensibilem
543 2721 762 2806 disciplinam,
787 2722 965 2786 infantibus
989 2723 1096 2786 bonae
1123 2721 1242 2788 indolis
1266 2723 1418 2808 gratiam,

321 2825 444 2891 adultis
489 2826 732 2892 immaculatam
776 2825 1045 2901 adolescentiam,
1091 2825 1225 2891 senibus
1268 2834 1418 2891 sanctam

322 2932 426 2996 seriae
447 2931 701 2995 conversationis
723 2938 876 3008 aetatem,
895 2929 1116 3012 omnibusque
1137 2927 1271 3012 longam
1294 2950 1332 2994 ac
1354 2929 1418 2994 sibi

322 3034 478 3119 placitam
494 3041 715 3098 senectutem:
739 3041 773 3096 et
792 3032 838 3096 ita
853 3032 1135 3116 patrocinantibus
1150 3034 1271 3098 sanctis
1285 3033 1419 3116 perenni

324 3138 438 3202 domui
467 3137 544 3200 huic
572 3136 813 3201 beatitudinem
850 3145 1005 3218 praestet,
1036 3146 1074 3199 ut
1107 3136 1174 3218 iugi
1211 3155 1309 3218 super
1345 3155 1421 3198 eam

324 3241 494 3324 angelicae
525 3240 739 3324 protectionis
772 3239 926 3304 custodia
963 3248 1159 3323 perseveret.
1205 3239 1266 3303 Per
1301 3239 1419 3303 Domi·

325 3365 457 3426 numy

367 3464 450 3529 Post
462 3464 539 3528 haec
555 3463 713 3529 benedicet
723 3462 784 3539 sal,
799 3472 835 3527 et
846 3461 929 3528 dicit

368 3567 533 3632 Exorcizo
554 3576 596 3645 te,
614 3576 763 3632 creatura
785 3565 873 3643 salis,
888 3568 922 3630 iu
945 3567 1080 3631 nomine
1102 3566 1208 3632 Patris
1230 3574 1264 3632 et
1287 3565 1362 3630 Filii
1385 3575 1419 3631 et

325 3669 467 3755 Spiritus
485 3671 597 3749 sancti,
611 3670 668 3753 qui
684 3680 719 3735 te
740 3689 800 3754 per
816 3669 990 3734 Heliseum
1014 3670 1047 3732 in
1069 3690 1157 3753 aqua
1171 3671 1258 3736 mitti
1274 3670 1368 3735 iussit
1383 3678 1421 3735 ut

324 3784 493 3839 sanaretur
515 3772 711 3851 sterilitas⁶3
733 3773 790 3857 qui
810 3773 939 3837 divini⁶
964 3773 1029 3838 oris
1051 3774 1100 3838 sui
1126 3793 1207 3839 voce
1228 3771 1419 3857 discipulis⁷

324 3878 380 3954 ait,
393 3878 464 3942 Vos
486 3878 565 3942 estis
590 3877 639 3941 sal
665 3885 773 3942 terrae
785 3899 793 3956 ;
816 3887 851 3942 et
874 3896 955 3960 per·
978 3877 1168 3959 apostolum
1191 3878 1298 3960 inquit
1307 3877 1329 3955 ⁸,
1352 3876 1421 3943 Cor
1447 3883 1508 3943 740

322 3992 467 4047 vestrum
491 3982 561 4046 sale
582 3982 625 4046 sit
647 3981 848 4047 conditum⁰.
895 3980 1043 4065 Ideoque
1059 3981 1207 4047 efficiaris
1218 3980 1244 4020 ¹⁰
1259 3981 1307 4046 sal
1323 4001 1420 4046 exor-

323 4087 473 4162 cizatum,
490 4096 526 4151 ut
548 4106 662 4150 omnes
678 4087 735 4169 qui
746 4085 771 4123 ¹¹
786 4096 821 4151 te
844 4087 1043 4171 sumpserint
1058 4087 1101 4152 sis
1120 4087 1168 4151 eis
1188 4087 1316 4152 animae
1332 4097 1419 4151 tuta·

324 4201 483 4269 mentum,
510 4199 609 4273 atque
638 4189 714 4255 huic
737 4189 852 4255 domui
881 4185 1060 4278 [protectio
1070 4188 1109 4274 ¹²]
1137 4191 1170 4254 in
1193 4190 1384 4255 remissione
1393 4189 1420 4229 ¹³

324 4305 543 4379 peccatorum,
559 4295 590 4358 in
612 4296 755 4360 sanitate
764 4294 791 4333 ¹³
807 4297 939 4373 mentis,
962 4295 995 4359 in
1019 4297 1224 4379 protectione
1233 4294 1261 4334 ¹⁸
1281 4297 1420 4372 animae,

326 4408 360 4463 et
378 4397 627 4463 confirmatione
637 4398 664 4436 ¹³
685 4397 810 4474 salutis,
833 4401 877 4463 ad
900 4398 1115 4482 expellendas
1138 4408 1172 4463 et
1194 4398 1419 4463 excludendas

324 4523 439 4566 omnes
461 4503 660 4567 daemonum
684 4503 893 4579 tentationes,
913 4502 1094 4566 innomine
1111 4502 1174 4567 Dei
1191 4503 1297 4568 Patris
1313 4503 1419 4568 omni-

324 4605 474 4689 potentis,
489 4617 524 4671 et
546 4606 622 4670 Iesu
647 4603 768 4671 Christi
790 4605 865 4669 Filii
891 4608 962 4670 eius
973 4604 1009 4684 ¹⁴,
1024 4608 1081 4692 qui
1097 4617 1252 4672 venturus
1268 4619 1318 4673 est
1335 4608 1418 4672 iudi-

324 4729 398 4775 care
408 4709 433 4748 ¹⁵
448 4711 614 4775 saeculum
630 4731 688 4794 per
703 4711 823 4794 ignem.
868 4710 940 4774 Per.
957 4709 985 4750 ¹⁶
