<?xml version="1.0" encoding="UTF-8"?>
<!DOCTYPE html PUBLIC "-//W3C//DTD XHTML 1.0 Transitional//EN"
    "http://www.w3.org/TR/xhtml1/DTD/xhtml1-transitional.dtd">
<html xmlns="http://www.w3.org/1999/xhtml" xml:lang="en" lang="en">
 <head>
  <title>
</title>
<meta http-equiv="Content-Type" content="text/html;charset=utf-8" />
  <meta name='ocr-system' content='tesseract 3.04.00' />
  <meta name='ocr-capabilities' content='ocr_page ocr_carea ocr_par ocr_line ocrx_word'/>
</head>
<body>
  <div class='ocr_page' id='page_1' title='image "./gelasiansacrame00wilsgoog_0457.png"; bbox 0 0 3352 5828; ppageno 0'>
   <div class='ocr_carea' id='block_1_1' title="bbox 847 372 1078 431">
    <p class='ocr_par' dir='ltr' id='par_1_1' title="bbox 847 372 1078 431">
     <span class='ocr_line' id='line_1_1' title="bbox 847 372 1078 431; baseline 0.009 -2"><span class='ocrx_word' id='word_1_1' title='bbox 847 372 1078 431; x_wconf 81' lang='lat' dir='ltr'><strong>APPENDIX.</strong></span> 
     </span>
    </p>
   </div>
   <div class='ocr_carea' id='block_1_2' title="bbox 650 535 1272 621">
    <p class='ocr_par' dir='ltr' id='par_1_2' title="bbox 650 535 1272 621">
     <span class='ocr_line' id='line_1_2' title="bbox 650 535 1272 621; baseline 0.002 -23"><span class='ocrx_word' id='word_1_2' title='bbox 650 535 703 621; x_wconf 92' lang='lat' dir='ltr'>[iii</span> <span class='ocrx_word' id='word_1_3' title='bbox 719 536 765 598; x_wconf 81' lang='lat' dir='ltr'>Id.</span> <span class='ocrx_word' id='word_1_4' title='bbox 785 537 854 599; x_wconf 85' lang='lat' dir='ltr'>Dec.</span> <span class='ocrx_word' id='word_1_5' title='bbox 873 536 946 602; x_wconf 81' lang='lat' dir='ltr'>Nat.</span> <span class='ocrx_word' id='word_1_6' title='bbox 967 537 1000 601; x_wconf 91' lang='lat' dir='ltr'>S.</span> <span class='ocrx_word' id='word_1_7' title='bbox 1021 537 1148 600; x_wconf 77' lang='lat' dir='ltr'><em>Damasi</em></span> <span class='ocrx_word' id='word_1_8' title='bbox 1164 539 1272 618; x_wconf 83' lang='lat' dir='ltr'><em>Papae.</em></span> 
     </span>
    </p>
   </div>
   <div class='ocr_carea' id='block_1_3' title="bbox 519 652 1325 936">
    <p class='ocr_par' dir='ltr' id='par_1_3' title="bbox 519 652 1325 936">
     <span class='ocr_line' id='line_1_3' title="bbox 520 652 1325 733; baseline 0.002 -19"><span class='ocrx_word' id='word_1_9' title='bbox 520 652 748 716; x_wconf 80' lang='lat' dir='ltr'>Misericordiam</span> <span class='ocrx_word' id='word_1_10' title='bbox 768 664 847 715; x_wconf 87' lang='lat' dir='ltr'>tuam</span> <span class='ocrx_word' id='word_1_11' title='bbox 867 652 944 715; x_wconf 90' lang='lat' dir='ltr'>Dne.</span> <span class='ocrx_word' id='word_1_12' title='bbox 965 655 1050 716; x_wconf 87' lang='lat' dir='ltr'>nobis</span> <span class='ocrx_word' id='word_1_13' title='bbox 1069 674 1099 733; x_wconf 90' lang='lat' dir='ltr'>q.</span> <span class='ocrx_word' id='word_1_14' title='bbox 1120 654 1325 716; x_wconf 86' lang='lat' dir='ltr'>interveniente</span> 
     </span>
     <span class='ocr_line' id='line_1_4' title="bbox 519 750 1115 832; baseline 0 -19"><span class='ocrx_word' id='word_1_15' title='bbox 519 751 568 813; x_wconf 89' lang='lat' dir='ltr'>Da</span> <span class='ocrx_word' id='word_1_16' title='bbox 587 753 673 814; x_wconf 87' lang='lat' dir='ltr'>nobis</span> <span class='ocrx_word' id='word_1_17' title='bbox 692 770 721 832; x_wconf 87' lang='lat' dir='ltr'>q.</span> <span class='ocrx_word' id='word_1_18' title='bbox 740 750 817 815; x_wconf 88' lang='lat' dir='ltr'>Dne.</span> <span class='ocrx_word' id='word_1_19' title='bbox 836 769 952 832; x_wconf 82' lang='lat' dir='ltr'>semper</span> <span class='ocrx_word' id='word_1_20' title='bbox 972 751 1044 815; x_wconf 84' lang='lat' dir='ltr'>baec</span> <span class='ocrx_word' id='word_1_21' title='bbox 1063 753 1115 814; x_wconf 86' lang='lat' dir='ltr'>tibi</span> 
     </span>
     <span class='ocr_line' id='line_1_5' title="bbox 520 849 1308 936; baseline 0.004 -24"><span class='ocrx_word' id='word_1_22' title='bbox 520 851 674 931; x_wconf 87' lang='lat' dir='ltr'>Sumptum</span> <span class='ocrx_word' id='word_1_23' title='bbox 694 851 771 914; x_wconf 90' lang='lat' dir='ltr'>Dne.</span> <span class='ocrx_word' id='word_1_24' title='bbox 791 851 924 914; x_wconf 84' lang='lat' dir='ltr'>caelestis</span> <span class='ocrx_word' id='word_1_25' title='bbox 943 852 1063 914; x_wconf 89' lang='lat' dir='ltr'>remedii</span> <span class='ocrx_word' id='word_1_26' title='bbox 1083 849 1308 936; x_wconf 88' lang='lat' dir='ltr'>sacramentum]</span> 
     </span>
    </p>
   </div>
   <div class='ocr_carea' id='block_1_4' title="bbox 735 999 1194 1064">
    <p class='ocr_par' dir='ltr' id='par_1_4' title="bbox 735 999 1194 1064">
     <span class='ocr_line' id='line_1_6' title="bbox 735 999 1194 1064; baseline 0.002 -3"><span class='ocrx_word' id='word_1_27' title='bbox 735 999 819 1061; x_wconf 79' lang='lat' dir='ltr'>Boot.</span> <span class='ocrx_word' id='word_1_28' title='bbox 839 1002 877 1060; x_wconf 89' lang='lat' dir='ltr'>iii</span> <span class='ocrx_word' id='word_1_29' title='bbox 893 1007 957 1061; x_wconf 80' lang='lat' dir='ltr'>anie</span> <span class='ocrx_word' id='word_1_30' title='bbox 976 1000 1048 1062; x_wconf 79' lang='lat' dir='ltr'>Nar.</span> <span class='ocrx_word' id='word_1_31' title='bbox 1067 1000 1194 1064; x_wconf 79' lang='lat' dir='ltr'>Domini.</span> 
     </span>
    </p>
   </div>
   <div class='ocr_carea' id='block_1_5' title="bbox 490 1114 1262 1590">
    <p class='ocr_par' dir='ltr' id='par_1_5' title="bbox 520 1114 1262 1393">
     <span class='ocr_line' id='line_1_7' title="bbox 520 1114 1240 1196; baseline 0.003 -20"><span class='ocrx_word' id='word_1_32' title='bbox 520 1115 625 1178; x_wconf 82' lang='lat' dir='ltr'>Excita</span> <span class='ocrx_word' id='word_1_33' title='bbox 644 1114 721 1177; x_wconf 90' lang='lat' dir='ltr'>Due.</span> <span class='ocrx_word' id='word_1_34' title='bbox 740 1115 828 1178; x_wconf 86' lang='lat' dir='ltr'>corda</span> <span class='ocrx_word' id='word_1_35' title='bbox 848 1127 948 1181; x_wconf 85' lang='lat' dir='ltr'>nostra</span> <span class='ocrx_word' id='word_1_36' title='bbox 968 1115 1006 1177; x_wconf 86' lang='lat' dir='ltr'>ad</span> <span class='ocrx_word' id='word_1_37' title='bbox 1026 1117 1240 1196; x_wconf 82' lang='lat' dir='ltr'>praeparandas</span> 
     </span>
     <span class='ocr_line' id='line_1_8' title="bbox 522 1213 1262 1294; baseline 0.005 -20"><span class='ocrx_word' id='word_1_38' title='bbox 522 1214 681 1292; x_wconf 78' lang='lat' dir='ltr'>Praecinge</span> <span class='ocrx_word' id='word_1_39' title='bbox 701 1233 730 1294; x_wconf 91' lang='lat' dir='ltr'>q.</span> <span class='ocrx_word' id='word_1_40' title='bbox 750 1214 827 1278; x_wconf 88' lang='lat' dir='ltr'>Dne.</span> <span class='ocrx_word' id='word_1_41' title='bbox 846 1213 885 1276; x_wconf 91' lang='lat' dir='ltr'>D.</span> <span class='ocrx_word' id='word_1_42' title='bbox 905 1225 1005 1277; x_wconf 88' lang='lat' dir='ltr'>noster</span> <span class='ocrx_word' id='word_1_43' title='bbox 1023 1215 1139 1277; x_wconf 88' lang='lat' dir='ltr'>lumbos</span> <span class='ocrx_word' id='word_1_44' title='bbox 1157 1217 1262 1278; x_wconf 88' lang='lat' dir='ltr'>mentis</span> 
     </span>
     <span class='ocr_line' id='line_1_9' title="bbox 522 1311 1113 1393; baseline 0.003 -20"><span class='ocrx_word' id='word_1_45' title='bbox 522 1313 640 1374; x_wconf 88' lang='lat' dir='ltr'>Placare</span> <span class='ocrx_word' id='word_1_46' title='bbox 661 1311 737 1374; x_wconf 90' lang='lat' dir='ltr'>Dne.</span> <span class='ocrx_word' id='word_1_47' title='bbox 757 1332 786 1393; x_wconf 90' lang='lat' dir='ltr'>q.</span> <span class='ocrx_word' id='word_1_48' title='bbox 805 1312 975 1374; x_wconf 88' lang='lat' dir='ltr'>humilitatis</span> <span class='ocrx_word' id='word_1_49' title='bbox 994 1323 1113 1375; x_wconf 87' lang='lat' dir='ltr'>nostrae</span> 
     </span>
    </p>

    <p class='ocr_par' dir='ltr' id='par_1_6' title="bbox 490 1407 1053 1590">
     <span class='ocr_line' id='line_1_10' title="bbox 490 1407 1038 1496; baseline 0.009 -29"><span class='ocrx_word' id='word_1_50' title='bbox 490 1407 591 1494; x_wconf 71' lang='lat' dir='ltr'>[sVD.</span> <span class='ocrx_word' id='word_1_51' title='bbox 611 1411 658 1472; x_wconf 91' lang='lat' dir='ltr'>cui</span> <span class='ocrx_word' id='word_1_52' title='bbox 677 1413 826 1491; x_wconf 87' lang='lat' dir='ltr'>proprium</span> <span class='ocrx_word' id='word_1_53' title='bbox 846 1422 890 1473; x_wconf 87' lang='lat' dir='ltr'>est</span> <span class='ocrx_word' id='word_1_54' title='bbox 909 1407 1038 1496; x_wconf 86' lang='lat' dir='ltr'>veniam]</span> 
     </span>
     <span class='ocr_line' id='line_1_11' title="bbox 526 1507 1053 1590; baseline 0.002 -20"><span class='ocrx_word' id='word_1_55' title='bbox 526 1507 641 1587; x_wconf 89' lang='lat' dir='ltr'>Repleti</span> <span class='ocrx_word' id='word_1_56' title='bbox 662 1509 729 1571; x_wconf 89' lang='lat' dir='ltr'>cibo</span> <span class='ocrx_word' id='word_1_57' title='bbox 747 1510 881 1590; x_wconf 88' lang='lat' dir='ltr'>spiritalis</span> <span class='ocrx_word' id='word_1_58' title='bbox 900 1510 1053 1572; x_wconf 80' lang='lat' dir='ltr'>alimoniae</span> 
     </span>
    </p>
   </div>
   <div class='ocr_carea' id='block_1_6' title="bbox 240 1655 1183 1742">
    <p class='ocr_par' dir='ltr' id='par_1_7' title="bbox 240 1655 1183 1742">
     <span class='ocr_line' id='line_1_12' title="bbox 240 1655 1183 1742; baseline -0.001 -19"><span class='ocrx_word' id='word_1_59' title='bbox 240 1671 317 1724; x_wconf 83' lang='lat' dir='ltr'>Gerb</span> <span class='ocrx_word' id='word_1_60' title='bbox 329 1686 373 1739; x_wconf 82' lang='lat' dir='ltr'>pp</span> <span class='ocrx_word' id='word_1_61' title='bbox 753 1655 813 1742; x_wconf 83' lang='lat' dir='ltr'><strong>[Id.</strong></span> <span class='ocrx_word' id='word_1_62' title='bbox 834 1658 902 1721; x_wconf 82' lang='lat' dir='ltr'>Dec.</span> <span class='ocrx_word' id='word_1_63' title='bbox 922 1657 995 1721; x_wconf 82' lang='lat' dir='ltr'>Nat.</span> <span class='ocrx_word' id='word_1_64' title='bbox 1016 1657 1049 1721; x_wconf 89' lang='lat' dir='ltr'><strong>S.</strong></span> <span class='ocrx_word' id='word_1_65' title='bbox 1070 1658 1183 1723; x_wconf 71' lang='lat' dir='ltr'>Lun&#39;ae.</span> 
     </span>
    </p>
   </div>
   <div class='ocr_carea' id='block_1_7' title="bbox 242 1750 1179 2052">
    <p class='ocr_par' dir='ltr' id='par_1_8' title="bbox 242 1750 1179 2052">
     <span class='ocr_line' id='line_1_13' title="bbox 242 1750 1096 1853; baseline 0.001 -19"><span class='ocrx_word' id='word_1_66' title='bbox 242 1750 367 1803; x_wconf 51' lang='grc' dir='ltr'>’ΘΜ</span> <span class='ocrx_word' id='word_1_67' title='bbox 524 1772 699 1835; x_wconf 87' lang='lat' dir='ltr'>Intercessio</span> <span class='ocrx_word' id='word_1_68' title='bbox 719 1791 775 1835; x_wconf 89' lang='lat' dir='ltr'>nos</span> <span class='ocrx_word' id='word_1_69' title='bbox 795 1792 825 1853; x_wconf 89' lang='lat' dir='ltr'>q.</span> <span class='ocrx_word' id='word_1_70' title='bbox 846 1771 922 1835; x_wconf 90' lang='lat' dir='ltr'>Dne.</span> <span class='ocrx_word' id='word_1_71' title='bbox 943 1792 967 1834; x_wconf 92' lang='lat' dir='ltr'>s.</span> <span class='ocrx_word' id='word_1_72' title='bbox 988 1771 1096 1835; x_wconf 84' lang='lat' dir='ltr'>Luciae</span> 
     </span>
     <span class='ocr_line' id='line_1_14' title="bbox 505 1870 1179 1945; baseline 0.007 -17"><span class='ocrx_word' id='word_1_73' title='bbox 505 1871 562 1945; x_wconf 70' lang='lat' dir='ltr'>sQ.</span> <span class='ocrx_word' id='word_1_74' title='bbox 583 1872 719 1933; x_wconf 87' lang='lat' dir='ltr'>virtutum</span> <span class='ocrx_word' id='word_1_75' title='bbox 739 1871 906 1933; x_wconf 88' lang='lat' dir='ltr'>caelestium</span> <span class='ocrx_word' id='word_1_76' title='bbox 925 1870 964 1931; x_wconf 93' lang='lat' dir='ltr'>D.</span> <span class='ocrx_word' id='word_1_77' title='bbox 984 1883 1017 1932; x_wconf 91' lang='lat' dir='ltr'>ut</span> <span class='ocrx_word' id='word_1_78' title='bbox 1036 1871 1179 1933; x_wconf 82' lang='lat' dir='ltr'>sacrificia</span> 
     </span>
     <span class='ocr_line' id='line_1_15' title="bbox 506 1966 1115 2052; baseline 0.005 -26"><span class='ocrx_word' id='word_1_79' title='bbox 506 1967 606 2031; x_wconf 63' lang='lat' dir='ltr'>*Laeti</span> <span class='ocrx_word' id='word_1_80' title='bbox 626 1968 702 2031; x_wconf 89' lang='lat' dir='ltr'>Dne.</span> <span class='ocrx_word' id='word_1_81' title='bbox 722 1970 899 2050; x_wconf 78' lang='lat' dir='ltr'>sumpsimus</span> <span class='ocrx_word' id='word_1_82' title='bbox 919 1966 1115 2052; x_wconf 72' lang='lat' dir='ltr'>mmamenta]</span> 
     </span>
    </p>
   </div>
   <div class='ocr_carea' id='block_1_8' title="bbox 745 2118 1192 2185">
    <p class='ocr_par' dir='ltr' id='par_1_9' title="bbox 745 2118 1192 2185">
     <span class='ocr_line' id='line_1_16' title="bbox 745 2118 1192 2185; baseline -0.002 -4"><span class='ocrx_word' id='word_1_83' title='bbox 745 2119 829 2181; x_wconf 77' lang='lat' dir='ltr'>Dora.</span> <span class='ocrx_word' id='word_1_84' title='bbox 848 2121 876 2179; x_wconf 90' lang='lat' dir='ltr'>ii</span> <span class='ocrx_word' id='word_1_85' title='bbox 891 2126 955 2180; x_wconf 79' lang='lat' dir='ltr'>anie</span> <span class='ocrx_word' id='word_1_86' title='bbox 973 2119 1045 2185; x_wconf 82' lang='lat' dir='ltr'>Nat.</span> <span class='ocrx_word' id='word_1_87' title='bbox 1065 2118 1192 2180; x_wconf 81' lang='lat' dir='ltr'>Domini.</span> 
     </span>
    </p>
   </div>
   <div class='ocr_carea' id='block_1_9' title="bbox 524 2233 1255 2717">
    <p class='ocr_par' dir='ltr' id='par_1_10' title="bbox 525 2233 1161 2314">
     <span class='ocr_line' id='line_1_17' title="bbox 525 2233 1161 2314; baseline 0 -20"><span class='ocrx_word' id='word_1_88' title='bbox 525 2234 635 2296; x_wconf 76' lang='lat' dir='ltr'>Aurem</span> <span class='ocrx_word' id='word_1_89' title='bbox 655 2245 734 2296; x_wconf 89' lang='lat' dir='ltr'>tuam</span> <span class='ocrx_word' id='word_1_90' title='bbox 754 2255 784 2314; x_wconf 95' lang='lat' dir='ltr'>q.</span> <span class='ocrx_word' id='word_1_91' title='bbox 804 2233 880 2297; x_wconf 90' lang='lat' dir='ltr'>Dne.</span> <span class='ocrx_word' id='word_1_92' title='bbox 901 2234 1036 2314; x_wconf 79' lang='lat' dir='ltr'>precibus</span> <span class='ocrx_word' id='word_1_93' title='bbox 1056 2234 1161 2295; x_wconf 89' lang='lat' dir='ltr'>nostris</span> 
     </span>
    </p>

    <p class='ocr_par' dir='ltr' id='par_1_11' title="bbox 524 2332 1161 2511">
     <span class='ocr_line' id='line_1_18' title="bbox 524 2332 1154 2412; baseline 0.003 -20"><span class='ocrx_word' id='word_1_94' title='bbox 524 2332 585 2394; x_wconf 81' lang='lat' dir='ltr'>Fac</span> <span class='ocrx_word' id='word_1_95' title='bbox 606 2352 661 2394; x_wconf 89' lang='lat' dir='ltr'>nos</span> <span class='ocrx_word' id='word_1_96' title='bbox 681 2352 709 2411; x_wconf 92' lang='lat' dir='ltr'>q.</span> <span class='ocrx_word' id='word_1_97' title='bbox 729 2332 805 2396; x_wconf 89' lang='lat' dir='ltr'>Dne.</span> <span class='ocrx_word' id='word_1_98' title='bbox 826 2332 864 2394; x_wconf 92' lang='lat' dir='ltr'><strong>D.</strong></span> <span class='ocrx_word' id='word_1_99' title='bbox 885 2345 985 2394; x_wconf 88' lang='lat' dir='ltr'>noster</span> <span class='ocrx_word' id='word_1_100' title='bbox 1004 2333 1154 2412; x_wconf 79' lang='lat' dir='ltr'>pervigiles</span> 
     </span>
     <span class='ocr_line' id='line_1_19' title="bbox 525 2430 1161 2511; baseline 0.002 -20"><span class='ocrx_word' id='word_1_101' title='bbox 525 2430 695 2493; x_wconf 78' lang='lat' dir='ltr'>Deuotionis</span> <span class='ocrx_word' id='word_1_102' title='bbox 715 2443 829 2494; x_wconf 85' lang='lat' dir='ltr'>nostrae</span> <span class='ocrx_word' id='word_1_103' title='bbox 849 2431 901 2493; x_wconf 88' lang='lat' dir='ltr'>tibi</span> <span class='ocrx_word' id='word_1_104' title='bbox 920 2450 949 2511; x_wconf 93' lang='lat' dir='ltr'><strong>q.</strong></span> <span class='ocrx_word' id='word_1_105' title='bbox 970 2430 1047 2493; x_wconf 90' lang='lat' dir='ltr'>Dne.</span> <span class='ocrx_word' id='word_1_106' title='bbox 1066 2431 1161 2492; x_wconf 87' lang='lat' dir='ltr'>hostia</span> 
     </span>
    </p>

    <p class='ocr_par' dir='ltr' id='par_1_12' title="bbox 525 2529 1255 2717">
     <span class='ocr_line' id='line_1_20' title="bbox 526 2529 1199 2610; baseline 0.001 -21"><span class='ocrx_word' id='word_1_107' title='bbox 526 2529 594 2590; x_wconf 88' lang='lat' dir='ltr'><strong>VD.</strong></span> <span class='ocrx_word' id='word_1_108' title='bbox 614 2529 783 2592; x_wconf 73' lang='lat' dir='ltr'>Referemus</span> <span class='ocrx_word' id='word_1_109' title='bbox 802 2531 960 2610; x_wconf 68' lang='lat' dir='ltr'>graduum</span> <span class='ocrx_word' id='word_1_110' title='bbox 981 2529 1019 2591; x_wconf 87' lang='lat' dir='ltr'>de</span> <span class='ocrx_word' id='word_1_111' title='bbox 1039 2529 1199 2609; x_wconf 86' lang='lat' dir='ltr'>praeteritis</span> 
     </span>
     <span class='ocr_line' id='line_1_21' title="bbox 525 2627 1255 2717; baseline -0.003 -27"><span class='ocrx_word' id='word_1_112' title='bbox 525 2627 719 2708; x_wconf 83' lang='lat' dir='ltr'>imploramus</span> <span class='ocrx_word' id='word_1_113' title='bbox 738 2628 814 2690; x_wconf 90' lang='lat' dir='ltr'>Dne.</span> <span class='ocrx_word' id='word_1_114' title='bbox 834 2628 1017 2690; x_wconf 88' lang='lat' dir='ltr'>clementiam</span> <span class='ocrx_word' id='word_1_115' title='bbox 1037 2638 1117 2689; x_wconf 88' lang='lat' dir='ltr'>tuam</span> <span class='ocrx_word' id='word_1_116' title='bbox 1248 2699 1255 2717; x_wconf 31' lang='grc' dir='ltr'>ι</span> 
     </span>
    </p>
   </div>
   <div class='ocr_carea' id='block_1_10' title="bbox 645 2773 1291 2838">
    <p class='ocr_par' dir='ltr' id='par_1_13' title="bbox 645 2773 1291 2838">
     <span class='ocr_line' id='line_1_22' title="bbox 645 2773 1291 2838; baseline -0.002 -1"><span class='ocrx_word' id='word_1_117' title='bbox 645 2774 744 2837; x_wconf 82' lang='lat' dir='ltr'>Mense</span> <span class='ocrx_word' id='word_1_118' title='bbox 763 2776 876 2838; x_wconf 82' lang='lat' dir='ltr'>Decimo</span> <span class='ocrx_word' id='word_1_119' title='bbox 897 2775 964 2837; x_wconf 85' lang='lat' dir='ltr'>Fer.</span> <span class='ocrx_word' id='word_1_120' title='bbox 986 2778 1015 2837; x_wconf 87' lang='lat' dir='ltr'>iv</span> <span class='ocrx_word' id='word_1_121' title='bbox 1034 2776 1077 2836; x_wconf 85' lang='lat' dir='ltr'>ad</span> <span class='ocrx_word' id='word_1_122' title='bbox 1093 2773 1126 2837; x_wconf 94' lang='lat' dir='ltr'><strong>S.</strong></span> <span class='ocrx_word' id='word_1_123' title='bbox 1146 2773 1291 2836; x_wconf 74' lang='lat' dir='ltr'>Mariam.</span> 
     </span>
    </p>
   </div>
   <div class='ocr_carea' id='block_1_11' title="bbox 526 2890 1149 3460">
    <p class='ocr_par' dir='ltr' id='par_1_14' title="bbox 526 2890 1149 3460">
     <span class='ocr_line' id='line_1_23' title="bbox 526 2890 1078 2970; baseline 0 -20"><span class='ocrx_word' id='word_1_124' title='bbox 526 2890 643 2951; x_wconf 85' lang='lat' dir='ltr'>Praesta</span> <span class='ocrx_word' id='word_1_125' title='bbox 662 2910 691 2969; x_wconf 93' lang='lat' dir='ltr'><strong>q.</strong></span> <span class='ocrx_word' id='word_1_126' title='bbox 712 2911 739 2952; x_wconf 90' lang='grc' dir='ltr'>ο.</span> <span class='ocrx_word' id='word_1_127' title='bbox 761 2892 797 2952; x_wconf 93' lang='lat' dir='ltr'><strong>D.</strong></span> <span class='ocrx_word' id='word_1_128' title='bbox 818 2901 850 2951; x_wconf 90' lang='lat' dir='ltr'>ut</span> <span class='ocrx_word' id='word_1_129' title='bbox 870 2890 1078 2970; x_wconf 86' lang='lat' dir='ltr'>redemptionis</span> 
     </span>
     <span class='ocr_line' id='line_1_24' title="bbox 526 2988 1020 3067; baseline -0.004 -17"><span class='ocrx_word' id='word_1_130' title='bbox 526 2988 644 3050; x_wconf 89' lang='lat' dir='ltr'>Festina</span> <span class='ocrx_word' id='word_1_131' title='bbox 663 3008 692 3067; x_wconf 92' lang='lat' dir='ltr'><strong>q.</strong></span> <span class='ocrx_word' id='word_1_132' title='bbox 712 2989 786 3049; x_wconf 88' lang='lat' dir='ltr'>Dne.</span> <span class='ocrx_word' id='word_1_133' title='bbox 807 3009 845 3049; x_wconf 91' lang='lat' dir='ltr'>ne</span> <span class='ocrx_word' id='word_1_134' title='bbox 865 2989 1020 3050; x_wconf 78' lang='lat' dir='ltr'>tardaveris</span> 
     </span>
     <span class='ocr_line' id='line_1_25' title="bbox 528 3085 1149 3164; baseline 0 -19"><span class='ocrx_word' id='word_1_135' title='bbox 528 3085 676 3146; x_wconf 83' lang='lat' dir='ltr'>Ecclesiae</span> <span class='ocrx_word' id='word_1_136' title='bbox 695 3097 761 3148; x_wconf 85' lang='lat' dir='ltr'>tuae</span> <span class='ocrx_word' id='word_1_137' title='bbox 782 3087 857 3147; x_wconf 90' lang='lat' dir='ltr'>Dne.</span> <span class='ocrx_word' id='word_1_138' title='bbox 877 3105 998 3147; x_wconf 87' lang='lat' dir='ltr'>munera</span> <span class='ocrx_word' id='word_1_139' title='bbox 1019 3086 1149 3164; x_wconf 85' lang='lat' dir='ltr'>placatus</span> 
     </span>
     <span class='ocr_line' id='line_1_26' title="bbox 527 3182 1095 3263; baseline 0.002 -21"><span class='ocrx_word' id='word_1_140' title='bbox 527 3182 595 3242; x_wconf 87' lang='lat' dir='ltr'><strong>VD.</strong></span> <span class='ocrx_word' id='word_1_141' title='bbox 615 3183 717 3244; x_wconf 86' lang='lat' dir='ltr'>Ieiunii</span> <span class='ocrx_word' id='word_1_142' title='bbox 737 3185 936 3246; x_wconf 86' lang='lat' dir='ltr'>observatione</span> <span class='ocrx_word' id='word_1_143' title='bbox 956 3201 1095 3263; x_wconf 87' lang='lat' dir='ltr'>quaerere</span> 
     </span>
     <span class='ocr_line' id='line_1_27' title="bbox 529 3279 1147 3368; baseline -0.002 -27"><span class='ocrx_word' id='word_1_144' title='bbox 529 3279 661 3342; x_wconf 85' lang='lat' dir='ltr'>Tuomm</span> <span class='ocrx_word' id='word_1_145' title='bbox 682 3299 736 3342; x_wconf 91' lang='lat' dir='ltr'>nos</span> <span class='ocrx_word' id='word_1_146' title='bbox 757 3282 832 3342; x_wconf 88' lang='lat' dir='ltr'>Dne.</span> <span class='ocrx_word' id='word_1_147' title='bbox 853 3283 982 3368; x_wconf 79' lang='lat' dir='ltr'>largitate</span> <span class='ocrx_word' id='word_1_148' title='bbox 1003 3282 1147 3342; x_wconf 89' lang='lat' dir='ltr'>donorum</span> 
     </span>
     <span class='ocr_line' id='line_1_28' title="bbox 529 3378 1071 3460; baseline -0.002 -20"><span class='ocrx_word' id='word_1_149' title='bbox 529 3378 646 3440; x_wconf 87' lang='lat' dir='ltr'>Gratiae</span> <span class='ocrx_word' id='word_1_150' title='bbox 664 3391 731 3441; x_wconf 90' lang='lat' dir='ltr'>tuae</span> <span class='ocrx_word' id='word_1_151' title='bbox 750 3401 779 3460; x_wconf 91' lang='lat' dir='ltr'><strong>q.</strong></span> <span class='ocrx_word' id='word_1_152' title='bbox 799 3380 875 3441; x_wconf 90' lang='lat' dir='ltr'>Dne.</span> <span class='ocrx_word' id='word_1_153' title='bbox 895 3380 1071 3460; x_wconf 88' lang='lat' dir='ltr'>supplicibus</span> 
     </span>
    </p>
   </div>
   <div class='ocr_carea' id='block_1_12' title="bbox 782 3520 1154 3600">
    <p class='ocr_par' dir='ltr' id='par_1_15' title="bbox 782 3520 1154 3600">
     <span class='ocr_line' id='line_1_29' title="bbox 782 3520 1154 3600; baseline 0 -19"><span class='ocrx_word' id='word_1_154' title='bbox 782 3520 873 3583; x_wconf 77' lang='lat' dir='ltr'>Faria</span> <span class='ocrx_word' id='word_1_155' title='bbox 892 3524 926 3583; x_wconf 85' lang='lat' dir='ltr'>vi</span> <span class='ocrx_word' id='word_1_156' title='bbox 943 3523 984 3582; x_wconf 89' lang='lat' dir='ltr'>ad</span> <span class='ocrx_word' id='word_1_157' title='bbox 1002 3523 1154 3600; x_wconf 78' lang='lat' dir='ltr'>Apostolos.</span> 
     </span>
    </p>
   </div>
   <div class='ocr_carea' id='block_1_13' title="bbox 527 3634 1297 4111">
    <p class='ocr_par' dir='ltr' id='par_1_16' title="bbox 527 3634 1297 3912">
     <span class='ocr_line' id='line_1_30' title="bbox 527 3634 1297 3717; baseline 0.006 -22"><span class='ocrx_word' id='word_1_158' title='bbox 527 3634 631 3696; x_wconf 84' lang='lat' dir='ltr'>Excita</span> <span class='ocrx_word' id='word_1_159' title='bbox 651 3655 680 3714; x_wconf 92' lang='lat' dir='ltr'><strong>q.</strong></span> <span class='ocrx_word' id='word_1_160' title='bbox 702 3636 777 3698; x_wconf 91' lang='lat' dir='ltr'>Dne.</span> <span class='ocrx_word' id='word_1_161' title='bbox 799 3639 958 3717; x_wconf 88' lang='lat' dir='ltr'>potentiam</span> <span class='ocrx_word' id='word_1_162' title='bbox 979 3647 1108 3698; x_wconf 88' lang='lat' dir='ltr'>tuamet</span> <span class='ocrx_word' id='word_1_163' title='bbox 1129 3639 1194 3697; x_wconf 90' lang='lat' dir='ltr'>veni</span> <span class='ocrx_word' id='word_1_164' title='bbox 1214 3648 1245 3698; x_wconf 91' lang='lat' dir='ltr'>ut</span> <span class='ocrx_word' id='word_1_165' title='bbox 1266 3637 1297 3700; x_wconf 85' lang='lat' dir='ltr'>hi</span> 
     </span>
     <span class='ocr_line' id='line_1_31' title="bbox 528 3733 1180 3812; baseline 0.006 -19"><span class='ocrx_word' id='word_1_166' title='bbox 528 3733 623 3812; x_wconf 89' lang='lat' dir='ltr'>Prope</span> <span class='ocrx_word' id='word_1_167' title='bbox 644 3745 708 3795; x_wconf 88' lang='lat' dir='ltr'>esto</span> <span class='ocrx_word' id='word_1_168' title='bbox 728 3735 804 3796; x_wconf 90' lang='lat' dir='ltr'>Dne.</span> <span class='ocrx_word' id='word_1_169' title='bbox 824 3736 961 3797; x_wconf 88' lang='lat' dir='ltr'>omnibus</span> <span class='ocrx_word' id='word_1_170' title='bbox 981 3736 1180 3797; x_wconf 85' lang='lat' dir='ltr'>invocantibus</span> 
     </span>
     <span class='ocr_line' id='line_1_32' title="bbox 532 3831 964 3912; baseline 0.009 -21"><span class='ocrx_word' id='word_1_171' title='bbox 532 3832 651 3892; x_wconf 89' lang='lat' dir='ltr'>Praesta</span> <span class='ocrx_word' id='word_1_172' title='bbox 670 3831 745 3894; x_wconf 91' lang='lat' dir='ltr'>Dne.</span> <span class='ocrx_word' id='word_1_173' title='bbox 766 3853 795 3912; x_wconf 93' lang='lat' dir='ltr'><strong>q.</strong></span> <span class='ocrx_word' id='word_1_174' title='bbox 815 3843 847 3894; x_wconf 88' lang='lat' dir='ltr'>ut</span> <span class='ocrx_word' id='word_1_175' title='bbox 867 3833 964 3895; x_wconf 75' lang='lat' dir='ltr'>dicato</span> 
     </span>
    </p>

    <p class='ocr_par' dir='ltr' id='par_1_17' title="bbox 528 3929 1155 4012">
     <span class='ocr_line' id='line_1_33' title="bbox 528 3929 1155 4012; baseline 0.008 -22"><span class='ocrx_word' id='word_1_176' title='bbox 528 3930 595 3991; x_wconf 86' lang='lat' dir='ltr'><strong>VD.</strong></span> <span class='ocrx_word' id='word_1_177' title='bbox 616 3929 676 4006; x_wconf 89' lang='lat' dir='ltr'>Qui</span> <span class='ocrx_word' id='word_1_178' title='bbox 697 3949 758 3992; x_wconf 88' lang='lat' dir='ltr'>uon</span> <span class='ocrx_word' id='word_1_179' title='bbox 778 3933 873 3993; x_wconf 90' lang='lat' dir='ltr'>solum</span> <span class='ocrx_word' id='word_1_180' title='bbox 893 3943 1015 4012; x_wconf 85' lang='lat' dir='ltr'>peccata</span> <span class='ocrx_word' id='word_1_181' title='bbox 1035 3932 1155 3995; x_wconf 89' lang='lat' dir='ltr'>dimittis</span> 
     </span>
    </p>

    <p class='ocr_par' dir='ltr' id='par_1_18' title="bbox 528 4029 1142 4111">
     <span class='ocr_line' id='line_1_34' title="bbox 528 4029 1142 4111; baseline 0.005 -21"><span class='ocrx_word' id='word_1_182' title='bbox 528 4029 645 4091; x_wconf 88' lang='lat' dir='ltr'>Prosiut</span> <span class='ocrx_word' id='word_1_183' title='bbox 664 4030 751 4091; x_wconf 89' lang='lat' dir='ltr'>uobis</span> <span class='ocrx_word' id='word_1_184' title='bbox 770 4030 845 4094; x_wconf 89' lang='lat' dir='ltr'>Dne.</span> <span class='ocrx_word' id='word_1_185' title='bbox 867 4041 984 4111; x_wconf 85' lang='lat' dir='ltr'>sumpta</span> <span class='ocrx_word' id='word_1_186' title='bbox 1005 4034 1142 4111; x_wconf 84' lang='lat' dir='ltr'>mysteria</span> 
     </span>
    </p>
   </div>
   <div class='ocr_carea' id='block_1_14' title="bbox 510 4170 1369 4767">
    <p class='ocr_par' dir='ltr' id='par_1_19' title="bbox 510 4170 1369 4767">
     <span class='ocr_line' id='line_1_35' title="bbox 680 4170 1267 4235; baseline 0 -3"><span class='ocrx_word' id='word_1_187' title='bbox 680 4170 801 4233; x_wconf 82' lang='lat' dir='ltr'>Sabbato</span> <span class='ocrx_word' id='word_1_188' title='bbox 820 4174 862 4233; x_wconf 84' lang='lat' dir='ltr'>ad</span> <span class='ocrx_word' id='word_1_189' title='bbox 879 4171 911 4235; x_wconf 88' lang='lat' dir='ltr'><strong>S.</strong></span> <span class='ocrx_word' id='word_1_190' title='bbox 931 4173 1051 4233; x_wconf 81' lang='lat' dir='ltr'>Petrum</span> <span class='ocrx_word' id='word_1_191' title='bbox 1072 4176 1103 4233; x_wconf 87' lang='lat' dir='ltr'>in</span> <span class='ocrx_word' id='word_1_192' title='bbox 1122 4175 1175 4235; x_wconf 85' lang='lat' dir='ltr'>xii</span> <span class='ocrx_word' id='word_1_193' title='bbox 1191 4173 1267 4234; x_wconf 76' lang='lat' dir='ltr'>Leti.</span> 
     </span>
     <span class='ocr_line' id='line_1_36' title="bbox 529 4285 1070 4369; baseline 0.004 -22"><span class='ocrx_word' id='word_1_194' title='bbox 529 4285 567 4348; x_wconf 92' lang='lat' dir='ltr'><strong>D.</strong></span> <span class='ocrx_word' id='word_1_195' title='bbox 587 4286 638 4366; x_wconf 88' lang='lat' dir='ltr'>qni</span> <span class='ocrx_word' id='word_1_196' title='bbox 657 4287 803 4367; x_wconf 78' lang='lat' dir='ltr'>copspicis</span> <span class='ocrx_word' id='word_1_197' title='bbox 824 4288 892 4369; x_wconf 89' lang='lat' dir='ltr'>quia</span> <span class='ocrx_word' id='word_1_198' title='bbox 912 4307 950 4349; x_wconf 85' lang='lat' dir='ltr'>ex</span> <span class='ocrx_word' id='word_1_199' title='bbox 971 4298 1070 4350; x_wconf 87' lang='lat' dir='ltr'>nostra</span> 
     </span>
     <span class='ocr_line' id='line_1_37' title="bbox 528 4383 1369 4466; baseline 0.007 -22"><span class='ocrx_word' id='word_1_200' title='bbox 528 4384 640 4445; x_wconf 83' lang='lat' dir='ltr'>Adesto</span> <span class='ocrx_word' id='word_1_201' title='bbox 660 4383 736 4446; x_wconf 89' lang='lat' dir='ltr'>Due.</span> <span class='ocrx_word' id='word_1_202' title='bbox 757 4386 1016 4465; x_wconf 84' lang='lat' dir='ltr'>supplicationibus</span> <span class='ocrx_word' id='word_1_203' title='bbox 1036 4387 1142 4448; x_wconf 84' lang='lat' dir='ltr'>nostris</span> <span class='ocrx_word' id='word_1_204' title='bbox 1162 4396 1192 4448; x_wconf 89' lang='lat' dir='ltr'>et</span> <span class='ocrx_word' id='word_1_205' title='bbox 1211 4388 1369 4466; x_wconf 86' lang='lat' dir='ltr'>praesentis</span> 
     </span>
     <span class='ocr_line' id='line_1_38' title="bbox 510 4482 1051 4562; baseline 0.015 -23"><span class='ocrx_word' id='word_1_206' title='bbox 510 4482 667 4560; x_wconf 75' lang='lat' dir='ltr'>*Indignos</span> <span class='ocrx_word' id='word_1_207' title='bbox 687 4501 716 4562; x_wconf 93' lang='lat' dir='ltr'><strong>q.</strong></span> <span class='ocrx_word' id='word_1_208' title='bbox 737 4483 812 4545; x_wconf 86' lang='lat' dir='ltr'>Dne.</span> <span class='ocrx_word' id='word_1_209' title='bbox 834 4483 959 4546; x_wconf 78' lang='lat' dir='ltr'>famulos</span> <span class='ocrx_word' id='word_1_210' title='bbox 980 4495 1051 4547; x_wconf 79' lang='lat' dir='ltr'>tuos.</span> 
     </span>
     <span class='ocr_line' id='line_1_39' title="bbox 530 4577 1109 4668; baseline 0.009 -27"><span class='ocrx_word' id='word_1_211' title='bbox 530 4577 582 4663; x_wconf 91' lang='lat' dir='ltr'><strong>[D.</strong></span> <span class='ocrx_word' id='word_1_212' title='bbox 603 4581 654 4660; x_wconf 90' lang='lat' dir='ltr'>qui</span> <span class='ocrx_word' id='word_1_213' title='bbox 674 4600 728 4661; x_wconf 91' lang='lat' dir='ltr'>pro</span> <span class='ocrx_word' id='word_1_214' title='bbox 747 4583 909 4644; x_wconf 88' lang='lat' dir='ltr'>animarum</span> <span class='ocrx_word' id='word_1_215' title='bbox 929 4582 1109 4668; x_wconf 83' lang='lat' dir='ltr'>expiatione]</span> 
     </span>
     <span class='ocr_line' id='line_1_40' title="bbox 530 4676 1295 4767; baseline 0.008 -27"><span class='ocrx_word' id='word_1_216' title='bbox 530 4676 764 4762; x_wconf 86' lang='lat' dir='ltr'>[Miserationum</span> <span class='ocrx_word' id='word_1_217' title='bbox 784 4691 897 4754; x_wconf 86' lang='lat' dir='ltr'>tuarum</span> <span class='ocrx_word' id='word_1_218' title='bbox 919 4681 994 4744; x_wconf 92' lang='lat' dir='ltr'>Dne.</span> <span class='ocrx_word' id='word_1_219' title='bbox 1015 4701 1044 4763; x_wconf 93' lang='lat' dir='ltr'><strong>q.</strong></span> <span class='ocrx_word' id='word_1_220' title='bbox 1065 4681 1295 4767; x_wconf 85' lang='lat' dir='ltr'>praeveniamur]</span> 
     </span>
    </p>
   </div>
   <div class='ocr_carea' id='block_1_15' title="bbox 0 0 1688 5828">
    <p class='ocr_par' dir='ltr' id='par_1_20' title="bbox 0 0 1688 5828">
     <span class='ocr_line' id='line_1_41' title="bbox 0 0 1688 5828; baseline 0 0"><span class='ocrx_word' id='word_1_221' title='bbox 0 0 1688 5828; x_wconf 95' lang='lat' dir='ltr'> </span> 
     </span>
    </p>
   </div>
  </div>
 </body>
</html>
