3352 5828
291 747 450 817 tumul]
604 747 819 807 ROMANAE
839 747 1083 808 ECCLESIAE.
1326 758 1386 827 ¹33

291 928 351 979 may
367 910 528 978 conceivably
543 910 575 963 be
590 926 623 963 an
638 911 748 964 ablativa
763 911 887 973 absolute,
904 928 934 963 or
949 910 993 963 tbe
1008 911 1084 963 result
1100 911 1131 962 oi
1143 927 1159 961 a
1289 911 1332 979 ing
1347 911 1386 964 ior

292 979 483 1030 mimmaetatt.
598 976 684 1028 ”ind
772 977 1216 1043 'V.beae:bntindutgmttain
1361 977 1386 1029 el

291 1042 621 1109 chnseoitbeprayerimm
711 1042 872 1109 ylollowing.
937 1042 1214 1094 ”manturanum
1308 1042 1387 1158 iss*

293 1107 1031 1175 merovmerenepumuetnthepnyerfouovtng.
1116 1105 1293 1170 ”ad,soV.;
1332 1124 1386 1159 om·

292 1173 519 1254 mesimggeetset.
643 1171 1386 1240 flet...tgmsceeov.;Tommmtpmposutooomct

291 1238 1210 1318 toet...rgmosee,bnttbeaamegrammsticalerrorappeanelsewbera
1278 1235 1298 1269 ¹²
1310 1238 1386 1305 rasam

293 1303 1212 1373 metur‚mlntbeprayerpreoedmg,bperbepstbetruemdlbgbere

707 1549 927 1608 mxvm
937 1540 960 1606 ¹.

405 1661 550 1728 Onnmo
569 1676 610 1726 tu
634 1643 1116 1728 Dnb1can10unBas1u1can
1141 1673 1276 1727 novar„

338 1784 440 1865 Deus,
467 1784 524 1869 qui
554 1782 626 1850 loca
655 1784 782 1848 nomini
809 1794 869 1850 tuo
898 1784 1009 1850 dicata
1033 1781 1227 1861 sanctificas,
1254 1780 1387 1848 effunde
1413 1789 1548 1870 Merena,

292 1908 391 1974 super
404 1887 486 1954 hanc
502 1887 661 1953 orationis
675 1883 834 1953 domum²
848 1888 989 1971 gratiam
1005 1896 1106 1963 tuam,
1122 1897 1161 1953 ut
1175 1888 1219 1952 ab
1233 1886 1387 1951 omnibus
1412 1855 1567 1987 flava-5¹¹³·

293 1990 370 2059 bic⁸
397 1993 625 2058 invocantibus
656 2000 689 2057 te
726 1989 888 2058 auxilium
918 2001 997 2058 tuae
1033 1989 1276 2057 misericordiae
1313 2010 1387 2054 sen·
1443 1991 1551 2052 ⁶¹³4&

292 2096 404 2161 tiatur.
433 2096 504 2160 Per.
526 2121 548 2179 γ

649 2179 850 2249 Consecratio
863 2181 1034 2247 Basilicas.

337 2302 439 2380 Deus,
476 2301 773 2370 sanctificationum
816 2303 1028 2387 omnipotens
1064 2303 1262 2382 dominator,
1298 2302 1390 2369 cuius
1415 2320 1559 2373 acmes.

295 2406 401 2492 pietas
415 2407 486 2472 sine
503 2406 568 2473 fine
582 2406 730 2486 sentitur,
746 2407 847 2483 Deus,
861 2407 918 2492 qui
937 2405 1089 2473 caelestia
1103 2405 1250 2472 simulet
1264 2414 1391 2472 terrena
1445 2424 1484 2505 αἱ
1493 2387 1553 2520 ³¹39*

222 2522 283 2580 610
295 2510 548 2596 complecteris,
565 2530 698 2576 servans
719 2511 977 2577 misericordiam
992 2519 1084 2575 tuam
1099 2509 1225 2595 populo
1239 2520 1298 2576 tuo
1318 2531 1389 2576 am·
1415 2518 1498 2571 leotr.
1509 2533 1565 2584 πᾳ.

295 2613 423 2680 bulanti
448 2622 527 2680 ante
548 2624 760 2700 conspectum
783 2612 906 2700 gloriae
930 2623 1018 2690 tuae,
1035 2614 1160 2680 exaudi
1186 2634 1299 2698 preces
1323 2633 1389 2679 ser-

296 2738 412 2783 vorum
438 2713 599 2806 [tuorum]
611 2717 635 2794 ⁴,
661 2727 699 2785 ut
722 2718 789 2783 sint
810 2717 896 2784 oculi
919 2719 968 2782 tui
996 2709 1105 2802 aperti
1125 2738 1224 2802 super
1252 2719 1390 2784 domum

297 2820 397 2886 istam
432 2822 487 2886 die
522 2842 563 2887 ac
599 2829 717 2901 nocte;
754 2820 907 2904 hancque
934 2819 1113 2899 basilicam,
1143 2821 1177 2885 in
1206 2819 1391 2886 honorem⁶

297 2924 425 2991 sancti⁸
447 2923 544 2990 Illius
569 2925 671 2990 sacris
697 2924 861 3007 mysteriis
878 2924 1074 3003 institutam,
1094 2922 1390 2990 clementissimus⁷

298 3026 425 3108 dedica,
440 3028 635 3093 miserator⁸
650 3025 785 3107 illustra,
805 3027 940 3115 proprio
958 3027 1132 3113 splendore
1154 3026 1304 3105 clarifica,
1319 3048 1391 3092 om·

298 3150 438 3215 nemque
452 3129 618 3197 hominem
633 3132 817 3196 venientem
837 3131 976 3196 adorare
995 3132 1028 3196 in
1047 3130 1111 3197 boc
1130 3129 1228 3197 loco⁹
1242 3131 1391 3214 placatus

297 3235 446 3310 admitte,
474 3236 636 3319 propitius
665 3235 803 3320 dignare
830 3235 1008 3320 respicere:
1042 3243 1076 3299 et
1105 3244 1241 3319 propter
1268 3255 1389 3299 nomen

296 3346 392 3403 tuum
410 3358 564 3422 magnum
584 3348 618 3404 et
639 3358 772 3403 manum
791 3338 910 3403 fortem
920 3337 947 3377 ¹⁰
968 3348 1002 3403 et
1018 3337 1189 3404 brachium
1211 3338 1389 3417 excelsum,

297 3439 331 3505 in
349 3441 413 3508 boc
431 3441 618 3508 habitaculo
626 3440 652 3480 ¹¹
673 3440 897 3525 supplicantes
919 3440 1025 3506 libens
1047 3450 1194 3526 protege,
1215 3440 1390 3526 dignanter

297 3544 429 3625 exaudi,
452 3553 585 3610 aeterna
613 3543 803 3610 defensione
833 3564 1006 3611 conserva:
1044 3553 1082 3610 ut
1113 3564 1244 3629 semper
1272 3544 1390 3623 felices,

297 3644 526 3731 semperque¹⁸
547 3655 606 3712 tua
625 3646 782 3731 religione
803 3646 974 3722 laetantes,
992 3656 1183 3714 constanter
1202 3647 1235 3711 in
1256 3657 1389 3713 sanctae

297 3749 469 3817 Trinitatis
487 3750 553 3817 fide
568 3750 732 3818 catholica
745 3749 772 3790 ¹³
786 3761 1006 3834 perseverent.
1050 3751 1121 3816 Per.
1135 3776 1156 3833 γ

343 3922 459 3989 Oratio
471 3932 565 4006 super
578 3942 698 4006 aquam
711 3931 745 3986 et
757 3920 873 3987 vinum
888 3921 936 3986 ad
945 3921 1210 3986 carrsecratianem
1223 3921 1355 3985 altares.

343 4043 480 4110 Creator
504 4052 538 4109 et
560 4052 769 4109 conservator
794 4040 933 4106 humani
953 4041 1090 4124 generis,
1109 4039 1207 4106 dator
1228 4040 1353 4124 gratiae
1363 4037 1390 4078 ¹⁴
1416 4057 1489 4109 uu„

299 4148 463 4233 spiritalis,
485 4147 619 4232 largitor
640 4155 791 4212 aeternae
818 4143 943 4223 salutis
965 4154 1003 4210 tu
1026 4143 1180 4230 permitte
1189 4142 1216 4183 ¹⁶
1231 4143 1390 4229 Spiritum
1416 4122 1572 4240 {affigi

301 4263 397 4318 tuum
418 4271 516 4336 super
529 4250 641 4316 vinum
661 4271 737 4317 cum
757 4269 847 4333 aqua
870 4249 1024 4328 mixtum,
1039 4257 1077 4314 ut
1091 4247 1258 4314 armata¹⁸
1272 4249 1392 4314 virtute
1417 4254 1481 4320 Eeb.
1493 4255 1534 4319 ao.

299 4356 450 4422 caelestis
467 4354 661 4421 defensionis
679 4355 721 4420 ad
746 4354 1025 4421 consecrationem
1045 4352 1142 4418 huius
1166 4351 1319 4420 ecclesiae
1342 4351 1396 4418 vel
1417 4320 1486 4372 ⁸⁶¹¹·
1500 4321 1556 4386 ¹⁴⁸·

299 4459 413 4526 altaris
434 4459 582 4544 proficiat
594 4457 628 4524 ¹⁷.
671 4459 742 4524 Per.

484 4631 639 4715 Sequitur
644 4630 813 4715 praefatio
826 4630 1075 4695 cancerationis
1087 4627 1217 4694 altaris.

342 4751 511 4817 Primitiae
541 4742 626 4816 eriim
652 4748 784 4834 pomis¹⁸
809 4758 905 4832 super
928 4769 1028 4813 cornu
1056 4747 1177 4812 altaris
1206 4745 1310 4830 digito
1340 4754 1393 4810 tuo
1418 4764 1488 4815 Mine

300 4855 415 4920 vium
445 4876 521 4920 cum
548 4875 635 4938 aqua
667 4855 830 4929 mixtum,·
872 4862 909 4919 et
927 4850 1110 4936 asperges¹⁸
1140 4850 1248 4917 altare
1275 4857 1393 4933 septem
1418 4829 1573 4893 mma

300 4959 443 5025 m'ct'bus:
471 4958 632 5044 reliquum
656 4967 763 5025 aretem
781 4954 943 5043 fundes¹⁸
966 4957 1014 5021 ad
1035 4957 1153 5035 basem,
1181 4965 1215 5020 et
1244 4952 1391 5036 offensu

300 5062 464 5130 siccensem
478 5074 576 5148 super
587 5061 700 5141 altare,
715 5063 843 5129 mem
856 5061 1088 5128 suavrisimam
1102 5057 1253 5125 Domina.
