3352 5828
686 808 917 868 APPENDIX.

337 972 422 1035 sllD.
443 971 533 1053 Apud
552 991 641 1053 quem
661 968 781 1057 [mum]
801 975 953 1035 matorum

355 1074 442 1150 Quos
462 1072 577 1135 caelesti
597 1072 673 1134 Dne.
693 1072 834 1135 alimento

253 1170 306 1232 Ad
324 1172 399 1252 Vesp.
442 1171 620 1251 Apostolicis
639 1190 696 1233 nos
715 1189 743 1250 q.
764 1170 843 1233 Dne.
864 1172 1019 1232 beatorum

255 1266 324 1354 [Ad
341 1272 425 1351 Vrgr'l.
439 1270 522 1333 Noct.
561 1269 601 1330 D.
621 1271 671 1351 qui
690 1269 846 1332 ecclesiam
866 1280 948 1330 tuam
968 1263 1109 1350 apostoli]

255 1365 324 1453 [Ad
332 1370 442 1432 Mutat.
483 1370 521 1431 D.
540 1370 591 1450 qui
610 1368 720 1448 ligandi
741 1368 929 1448 solvendique

260 1606 263 1613 Ι
460 1536 500 1595 iti'
508 1533 579 1596 Kal.
592 1534 651 1598 Jut.
666 1531 752 1619 [Not.
765 1534 863 1613 Apost.
876 1534 965 1595 Petn'
973 1540 1001 1593 et
1012 1529 1118 1615 Pauo]
1129 1529 1148 1594 ¹.

357 1650 394 1713 D.
417 1651 468 1730 qui
488 1649 657 1712 hodiernam
678 1650 757 1712 diem
776 1648 977 1730 apostolorum

338 1748 511 1829 :Largiente
531 1759 561 1810 te
581 1748 658 1811 Dne.
677 1750 831 1810 beatorum
853 1747 931 1809 Petri
951 1757 982 1808 et
1002 1746 1086 1808 Pauli

356 1848 479 1910 Hostias
498 1847 575 1909 Dne.
594 1866 669 1928 quas
688 1847 802 1910 nomini
821 1856 873 1908 tuo
893 1845 1053 1908 sacrandas

355 1946 424 2009 VD.
464 1947 513 2008 Te
532 1947 661 2008 Domine
682 1945 849 2027 suppliciter
867 1963 990 2009 exorare

357 2044 488 2125 Sumptis
507 2044 584 2106 Dne.
604 2045 738 2108 remediis
759 2045 941 2124 sempiternis

255 2143 309 2204 Ad
325 2143 401 2224 Vesp.
443 2144 480 2206 0.
501 2163 524 2206 s.
546 2142 583 2204 D.
605 2145 656 2224 qui
676 2144 830 2207 eeclesiam
849 2155 931 2205 tuam
950 2143 982 2204 in
1003 2142 1163 2223 apostoliea

679 2310 766 2372 Alias
782 2310 934 2372 Oratim

359 2427 397 2490 0.
418 2446 443 2489 s.
463 2426 502 2488 D.
524 2427 574 2506 qui
595 2444 650 2489 nos
669 2429 822 2489 beatorum
840 2426 1042 2506 apostolorum

359 2521 528 2609 [Familiam
548 2535 630 2586 tuam
648 2524 688 2585 D.
709 2521 863 2609 propitius]

360 2621 515 2708 [Concede
535 2643 564 2703 q.
584 2642 613 2685 o.
634 2622 672 2684 D.
691 2624 840 2704 apostolos
861 2619 941 2707 tuos]

361 2718 434 2806 [ιο.
454 2739 478 2784 s
498 2720 536 2781 D.
557 2722 608 2802 qui
628 2740 683 2786 nos
701 2717 848 2805 omnium]

554 2888 659 2950 Pan>
671 2888 741 2950 Kal
756 2889 813 2950 lut
828 2890 900 2953 Nat.
914 2889 947 2952 S.
961 2890 1061 2951 Pauo:

362 3004 400 3065 D.
420 3006 473 3084 qui
493 3005 706 3066 multitudinem
725 3006 856 3085 gentium

342 3102 550 3164 :Praeveniant
570 3105 656 3167 nobis
675 3103 751 3165 Dne.
771 3122 801 3182 q.
822 3104 948 3184 apostoli

361 3201 511 3281 Perceptis
532 3200 609 3262 Dne.
631 3203 817 3263 manentis
836 3202 951 3264 subdito
972 3201 1061 3264 corde

430 3365 566 3452 [viNosu
581 3367 639 3430 lut.
652 3367 724 3430 Nat.
739 3367 796 3431 SS.
814 3366 983 3430 Processit!
994 3367 1181 3431 Martiirr‘rani.

360 3482 399 3543 D.
420 3483 470 3563 qui
490 3501 547 3544 nos
567 3493 734 3544 sanctourm
753 3495 870 3544 tuomm
891 3482 1123 3545 confessiomlsus

342 3580 481 3660 *suscipe
502 3579 579 3642 Dne.
600 3599 702 3661 preces
722 3590 752 3643 et
771 3599 893 3642 munera

360 3678 500 3758 Corporis
520 3680 595 3740 sacri
615 3689 645 3741 et
664 3679 782 3757 pretiosi
802 3676 967 3761 monrium]

600 3845 690 3906 Heba
704 3848 818 3925 oir'port
829 3844 1010 3906 Pentecosten.

360 3959 400 4021 D.
420 3961 471 4039 qui
492 3960 676 4039 diligentibus
696 3963 726 4022 t'e
746 3962 827 4022 bona
847 3962 999 4023 invisibilia

359 4057 399 4118 D.
419 4059 470 4138 qui
489 4059 521 4119 in
540 4061 648 4120 sancds
667 4059 782 4121 habitas
801 4069 831 4120 et
850 4061 899 4138 pia
920 4060 1011 4121 corda

362 4155 524 4235 Propitiare
542 4157 619 4219 Dne.
640 4159 897 4239 supplicationibus
917 4160 1074 4221 nostriset
1094 4157 1149 4221 has
1168 4159 1234 4221 obl:

361 4253 429 4314 VD.
450 4255 560 4317 Verum
580 4267 786 4338 aeternumque
806 4259 975 4336 pontificem

360 4352 448 4429 Quos
467 4355 582 4416 caelesti
602 4355 679 4417 Dne.
701 4356 782 4418 dono
802 4357 910 4417 satissd

394 4514 495 4601 [Pn‘d.
508 4518 585 4581 Nom
599 4517 657 4579 lot.
674 4517 774 4580 Octuo.
788 4518 993 4597 Apostolorum.
1034 4522 1088 4582 Ad
1098 4521 1235 4607 ornan]

344 4632 400 4694 sD.
419 4635 502 4695 cuius
521 4633 638 4697 dextera
658 4637 688 4697 b.
708 4635 828 4697 Petrum
849 4636 1015 4716 apostolum

362 4731 522 4795 Offerimus
541 4734 593 4794 tibi
614 4733 689 4796 Dne.
710 4752 812 4812 preces
833 4745 863 4796 et
882 4753 1005 4798 munera
1024 4755 1101 4816 quae
1121 4749 1152 4799 ut
1174 4751 1224 4801 tuo

345 4828 473 4908 *Pignus
493 4842 627 4892 aeternae
646 4833 720 4892 vitae
740 4834 889 4910 capientes

363 4927 488 5008 Protege
507 4928 584 4994 Dne.
605 4930 746 5010 populum
767 4940 850 4992 nrum
869 4939 899 4993 et
919 4933 1117 5012 apostolorum

364 5024 522 5088 Beatorum
542 5029 743 5109 apostolorum
762 5028 838 5091 Dne.
858 5029 936 5092 Petri
957 5043 986 5092 et
1008 5032 1089 5093 Pauli

636 5137 978 5198 *luhnNarlwurt
