3352 5828
695 815 923 875 Asssnorx.
1292 803 1353 891 361

485 976 590 1040 Eoden
610 979 653 1038 die
671 976 744 1040 Not.
765 978 798 1042 S.
818 977 954 1040 Martini
970 977 1107 1059 Epeicopr'
1114 977 1132 1038 ¹.
1382 976 1514 1110 ppppipp.

368 1092 406 1154 D.
426 1093 475 1172 qui
495 1093 639 1172 conspicis
658 1093 727 1172 quia
746 1112 784 1154 ex
804 1093 884 1155 nullu

369 1192 407 1254 Ο.
421 1210 449 1279 Ιε.
469 1190 508 1252 D.
530 1191 740 1253 solemnitatem
761 1192 819 1254 diei
839 1192 924 1254 huius

367 1289 402 1351 Β.
423 1290 542 1351 Martini
562 1290 707 1369 pontificis
728 1309 757 1371 q.
777 1289 854 1354 Dne.
875 1291 962 1352 nobis
982 1291 1030 1370 piu

368 1388 435 1448 VD.
456 1389 503 1450 Te
523 1389 554 1449 in
574 1388 604 1449 b.
624 1388 744 1450 Martini
764 1389 909 1469 pontificis

369 1486 437 1546 Tun
456 1484 534 1548 Dne.
555 1496 655 1548 numu
674 1498 821 1548 sumentes
842 1486 1010 1566 suppliciter

368 1584 483 1645 Exaudi
502 1582 578 1646 Dne.
601 1584 741 1664 populum
763 1595 846 1646 tuum
866 1595 929 1646 totu
949 1585 1000 1646 tibi

369 1684 487 1745 Praesta
507 1702 536 1764 q.
556 1701 584 1744 o.
605 1682 643 1744 D.
663 1693 696 1744 ut
715 1684 789 1745 sicut
810 1683 908 1745 divine
927 1682 1080 1745 laudamus
1115 1678 1120 1689 '

576 1831 666 1892 Hebe.
685 1833 770 1894 ,τινί
781 1840 846 1910 post
862 1833 1047 1894 Pentecosten.

369 1946 408 2008 D.
428 1946 569 2025 refugium
590 1957 724 2008 nostrum
744 1957 773 2008 et
792 1947 880 2009 virtus

369 2044 407 2106 D.
427 2063 514 2125 quem
535 2044 658 2106 docente
679 2044 786 2125 Spiritu
807 2056 910 2108 sancto

351 2142 415 2203 *Du
434 2161 473 2203 m.
494 2141 533 2203 D.
553 2152 585 2203 ut
605 2142 677 2205 haee
694 2144 780 2204 nobis
801 2144 933 2205 salutaris
952 2143 1060 2205 oblatio

369 2241 437 2303 VD.
457 2241 528 2302 Tibi
548 2241 659 2304 debitus
678 2240 779 2303 leudes

370 2339 554 2420 Sumpsimus
574 2338 652 2400 Dne.
672 2340 746 2401 sueri
766 2339 846 2402 done
864 2340 992 2418 mysterii

407 2484 467 2570 [xv
487 2485 560 2547 Kal.
580 2487 658 2549 Non.
677 2485 741 2570 (sic)
761 2487 834 2551 Not.
855 2487 887 2550 S.
907 2488 1068 2567 Augustini
1083 2486 1224 2569 Epeicopr'.

372 2602 485 2663 Adesto
505 2601 762 2681 supplicetionibus
782 2604 888 2664 nostris
908 2621 936 2665 o.
957 2604 994 2670 D.
1015 2616 1043 2666 et
1063 2605 1169 2683 quibus

372 2701 403 2764 S.
425 2700 599 2762 confessoris
619 2702 660 2764 tui
682 2703 834 2782 Augustini
856 2703 941 2763 nobis

355 2798 439 2860 *VD
458 2798 498 2860 Et
516 2799 547 2859 in
567 2800 650 2860 omni
668 2800 734 2863 loco
754 2819 788 2862 ac
809 2811 938 2880 tempore

373 2897 415 2960 Ut
436 2897 522 2959 nobis
542 2897 619 2958 Dne.
640 2909 690 2958 tua
710 2900 849 2961 sacrificis
869 2896 953 2981 dent]

579 3045 670 3108 Hedd.
690 3050 786 3109 xxnri'
799 3055 864 3127 port
881 3048 1063 3108 Pentecosten.

372 3164 474 3226 Excite
494 3164 570 3226 Dne.
591 3184 620 3243 q.
641 3174 756 3224 tuorum
778 3162 905 3224 fidelium
926 3162 1087 3224 voluntates

373 3263 476 3324 Excits
496 3262 573 3324 Dne.
594 3273 710 3323 tuomm
730 3260 818 3322 corda
838 3259 965 3321 fidelium

355 3361 518 3440 sPropitius
538 3370 603 3422 esto
623 3358 700 3419 Due.
720 3357 978 3438 supplicationibus
998 3359 1103 3418 uostris

372 3458 440 3519 VD.
461 3460 562 3520 Tuum
582 3468 625 3520 est
645 3459 723 3518 enim
743 3475 833 3518 omne
852 3456 934 3536 quod
953 3457 1074 3516 dvimus

373 3554 513 3618 Concede
533 3555 620 3616 nobis
639 3554 714 3615 Dne.
735 3571 763 3633 q.
783 3563 817 3615 ut
837 3565 1017 3615 sacramenta

492 3674 504 3688 ”
550 3707 592 3765 xe
609 3701 680 3764 Kar.
701 3702 770 3764 on.
798 3702 859 3780 up.
881 3701 913 3763 s.
936 3700 1079 3763 camene

337 3880 342 3894 ,
374 3818 405 3879 S.
425 3820 559 3897 mamyris
578 3830 645 3879 tuuc
665 3817 808 3880 Cuedliue
828 3817 905 3878 Dne.

372 3916 545 3978 Muneribus
565 3918 670 3978 nostris
690 3916 767 3978 Due.
788 3915 818 3976 S.
840 3914 982 3976 Caeciliae

372 4011 472 4097 [nVD.
494 4015 600 4077 Beatus
620 4014 763 4076 Caecilioe
783 4014 945 4074 natalitium
965 4010 1054 4095 Dne.]

355 4113 411 4188 nQ.
430 4133 459 4175 o.
479 4112 518 4174 D.
537 4124 571 4174 ut
590 4131 714 4194 quorum
735 4130 791 4174 uos
811 4112 914 4173 tribuis
933 4111 1150 4172 communicare

556 4274 582 4315 x
602 4251 674 4314 Kal.
694 4252 762 4314 Dee.
777 4252 854 4336 ¹Not
878 4251 911 4313 S.
934 4250 1082 4313 Caeciliae.

356 4366 412 4430 eD.
433 4368 481 4429 cui
501 4368 588 4429 beatu
608 4366 735 4429 Caedliu
755 4367 795 4427 itu
815 4367 952 4429 castitatis

376 4467 462 4528 Huec
482 4466 577 4528 hostis
597 4465 673 4526 Dne.
693 4466 864 4545 placationis
884 4476 913 4527 et
933 4464 1026 4527 laudis

356 4563 440 4625 sVD.
460 4564 520 4639 Qui
541 4565 651 4644 perficit
670 4566 701 4624 in
721 4565 887 4626 infirmitate

357 4664 460 4726 sHuec
480 4681 536 4725 uos
556 4663 632 4724 Dne.
653 4662 745 4742 gratis
764 4671 815 4723 tus
835 4681 864 4743 q.
886 4680 1001 4741 semper

542 4805 580 4865 r‘x
600 4802 670 4864 Καί
692 4801 774 4866 Dee.¹
794 4800 865 4863 Not.
889 4801 922 4863 S.
944 4801 1098 4864 Clementi.

376 4918 416 4981 O.
438 4936 463 4979 s.
483 4917 521 4979 D.
542 4919 642 4997 quiin
662 4918 794 4980 omnium
815 4929 982 4979 sanctorum

376 5016 556 5078 Sacrificium
577 5017 627 5077 tibi
647 5015 724 5078 Dne.
745 5015 840 5077 laudis
860 5016 1009 5079 offerimus

322 5127 980 5193 minuerunnelsnsemrnaems.
1045 5127 1321 5192 musmo.
